
<ns0:record><ns0:leader>01782cam a2200301 a 4500</ns0:leader>
<ns0:controlfield tag="001">bcotA000006</ns0:controlfield>
<ns0:controlfield tag="005">20131105120909.0</ns0:controlfield><ns0:controlfield tag="006">m     o  d        </ns0:controlfield><ns0:controlfield tag="007">cr cn ---uuuuu</ns0:controlfield><ns0:controlfield tag="008">131104s2013    txu     o     000 0 eng d</ns0:controlfield><ns0:datafield ind1=" " ind2=" " tag="020"><ns0:subfield code="a">9781938168093 (ebook)</ns0:subfield></ns0:datafield><ns0:datafield ind1=" " ind2=" " tag="035"><ns0:subfield code="a">(Sirsi) sarah0026538</ns0:subfield></ns0:datafield><ns0:datafield ind1=" " ind2=" " tag="035"><ns0:subfield code="a">(OCoLC)884028951</ns0:subfield></ns0:datafield><ns0:datafield ind1=" " ind2=" " tag="037"><ns0:subfield code="b">BCOpenCampus</ns0:subfield><ns0:subfield code="c">CostFree</ns0:subfield><ns0:subfield code="f">FormOnline</ns0:subfield><ns0:subfield code="g">AccessOpen</ns0:subfield></ns0:datafield><ns0:datafield ind1=" " ind2=" " tag="040"><ns0:subfield code="a">BNM</ns0:subfield><ns0:subfield code="b">eng</ns0:subfield><ns0:subfield code="d">CaBSKC</ns0:subfield></ns0:datafield><ns0:datafield ind1=" " ind2="4" tag="050"><ns0:subfield code="a">QH303</ns0:subfield><ns0:subfield code="b">B56 2013</ns0:subfield></ns0:datafield><ns0:datafield ind1="1" ind2=" " tag="100"><ns0:subfield code="a">Avissar, Yael.</ns0:subfield></ns0:datafield><ns0:datafield ind1="1" ind2="0" tag="245"><ns0:subfield code="a">Biology</ns0:subfield><ns0:subfield code="c">Yael Avissar ... [et al].</ns0:subfield></ns0:datafield><ns0:datafield ind1=" " ind2=" " tag="260"><ns0:subfield code="a">Houston, TX :</ns0:subfield><ns0:subfield code="b">Openstax College,</ns0:subfield><ns0:subfield code="c">2013.</ns0:subfield></ns0:datafield><ns0:datafield ind1=" " ind2=" " tag="300"><ns0:subfield code="a">1 online resource.</ns0:subfield></ns0:datafield><ns0:datafield ind1=" " ind2=" " tag="516"><ns0:subfield code="a">Text (HTML, PDF), electronic book.</ns0:subfield></ns0:datafield><ns0:datafield ind1=" " ind2=" " tag="520"><ns0:subfield code="a">"Biology is designed for multi-semester biology courses for science majors. It is grounded on an evolutionary basis and includes exciting features that highlight careers in the biological sciences and everyday applications of the concepts at hand. To meet the needs of today's instructors and students, some content has been strategically condensed while maintaining the overall scope and coverage of traditional texts for this course. Instructors can customize the book, adapting it to the approach that works best in their classroom. Biology also includes an innovative art program that incorporates critical thinking and clicker questions to help students understand and apply key concepts"--BCcampus website.</ns0:subfield></ns0:datafield><ns0:datafield ind1=" " ind2=" " tag="588"><ns0:subfield code="a">Description based on version viewed on BCcampus OpenEd, BC Open Textbook Project website; title from pdf title page.</ns0:subfield></ns0:datafield><ns0:datafield ind1=" " ind2="0" tag="650"><ns0:subfield code="a">Biology</ns0:subfield><ns0:subfield code="v">Textbooks.</ns0:subfield></ns0:datafield><ns0:datafield ind1=" " ind2="0" tag="655"><ns0:subfield code="a">Electronic books.</ns0:subfield></ns0:datafield><ns0:datafield ind1="2" ind2=" " tag="710"><ns0:subfield code="a">BC Open Textbook Project.</ns0:subfield></ns0:datafield><ns0:datafield ind1="2" ind2=" " tag="710"><ns0:subfield code="a">BCcampus.</ns0:subfield></ns0:datafield><ns0:datafield ind1="4" ind2="0" tag="856"><ns0:subfield code="3">BC Open Textbook Project.</ns0:subfield><ns0:subfield code="u">https://open.bccampus.ca/find-open-textbooks/?uuid=561e303a-5a74-4bfe-af71-e884daece4e5 </ns0:subfield></ns0:datafield></ns0:record>