
<ns0:record><ns0:leader>02738cam a2200325 a 4500</ns0:leader>
<ns0:controlfield tag="001">bcotA000061</ns0:controlfield>
<ns0:controlfield tag="005">20140909091046.0</ns0:controlfield><ns0:controlfield tag="006">m     o  d        </ns0:controlfield><ns0:controlfield tag="007">cr cn ---uuuuu</ns0:controlfield><ns0:controlfield tag="008">140909s2012    xx      o     000 0 eng d</ns0:controlfield><ns0:datafield ind1=" " ind2=" " tag="035"><ns0:subfield code="a">(Sirsi) bcviu000854</ns0:subfield></ns0:datafield><ns0:datafield ind1=" " ind2=" " tag="035"><ns0:subfield code="a">(OCoLC)870637616</ns0:subfield></ns0:datafield><ns0:datafield ind1=" " ind2=" " tag="037"><ns0:subfield code="b">BCOpenCampus</ns0:subfield><ns0:subfield code="c">CostFree</ns0:subfield><ns0:subfield code="f">FormOnline</ns0:subfield><ns0:subfield code="g">AccessOpen</ns0:subfield></ns0:datafield><ns0:datafield ind1=" " ind2=" " tag="040"><ns0:subfield code="a">BNM</ns0:subfield><ns0:subfield code="b">eng</ns0:subfield><ns0:subfield code="d">CaBSKC</ns0:subfield></ns0:datafield><ns0:datafield ind1=" " ind2="4" tag="050"><ns0:subfield code="a">HQ1155</ns0:subfield><ns0:subfield code="b">U55 2012</ns0:subfield></ns0:datafield><ns0:datafield ind1="0" ind2="0" tag="245"><ns0:subfield code="a">Women in the world today</ns0:subfield><ns0:subfield code="c">United States Department of State Bureau of International Information Programs.</ns0:subfield></ns0:datafield><ns0:datafield ind1=" " ind2=" " tag="260"><ns0:subfield code="a">[United States] :</ns0:subfield><ns0:subfield code="b">Department of State Bureau of International Information Programs,</ns0:subfield><ns0:subfield code="c">2012.</ns0:subfield></ns0:datafield><ns0:datafield ind1=" " ind2=" " tag="300"><ns0:subfield code="a">1 online resource (38 p.)</ns0:subfield></ns0:datafield><ns0:datafield ind1="1" ind2=" " tag="490"><ns0:subfield code="a">Global women's issues.</ns0:subfield></ns0:datafield><ns0:datafield ind1=" " ind2=" " tag="516"><ns0:subfield code="a">Text (HTML, PDF), electronic book.</ns0:subfield></ns0:datafield><ns0:datafield ind1=" " ind2=" " tag="520"><ns0:subfield code="a">"Global Women's Issues and the Beijing Platform for Action. This book is based on the 12 critical areas of concern identified at the Beijing Conference: 1 The persistent and increasing burden of poverty on women 2 Inequalities and inadequacies in and unequal access to education and training 3 Inequalities and inadequacies in and unequal access to health care and related services 4 Violence against women 5 The effects of armed or other kinds of conflict on women, including those living under foreign occupation 6 Inequality in economic structures and policies, in all forms of productive activities and in access to resources 7 Inequality between men and women in the sharing of power and decision- making at all levels 8 Insufficient mechanisms at all levels to promote the advancement of women 9 Lack of respect for and inadequate promotion and protection of the human rights of women 10 Stereotyping of women and inequality in women's access to and participation in all communication systems, especially in the media 11 Gender inequalities in the management of natural resources and in the safeguarding of the environment 12 Persistent discrimination against and violation of the rights of the girl child."--BCcampus website.</ns0:subfield></ns0:datafield><ns0:datafield ind1=" " ind2=" " tag="588"><ns0:subfield code="a">Description based on version viewed on BCcampus OpenEd, BC Open Textbook Project website; title from pdf title page.</ns0:subfield></ns0:datafield><ns0:datafield ind1=" " ind2="0" tag="650"><ns0:subfield code="a">Women</ns0:subfield><ns0:subfield code="x">Social conditions</ns0:subfield><ns0:subfield code="v">Textbooks.</ns0:subfield></ns0:datafield><ns0:datafield ind1=" " ind2="0" tag="655"><ns0:subfield code="a">Electronic books.</ns0:subfield></ns0:datafield><ns0:datafield ind1="2" ind2=" " tag="710"><ns0:subfield code="a">United States Department of State Bureau of International Information Programs.</ns0:subfield></ns0:datafield><ns0:datafield ind1="2" ind2=" " tag="710"><ns0:subfield code="a">BC Open Textbook Project.</ns0:subfield></ns0:datafield><ns0:datafield ind1="2" ind2=" " tag="710"><ns0:subfield code="a">BCcampus.</ns0:subfield></ns0:datafield><ns0:datafield ind1=" " ind2="0" tag="830"><ns0:subfield code="a">Global women's issues.</ns0:subfield></ns0:datafield><ns0:datafield ind1="4" ind2="0" tag="856"><ns0:subfield code="3">BC Open Textbook Project.</ns0:subfield><ns0:subfield code="u">https://open.bccampus.ca/find-open-textbooks/?uuid=47e557eb-f65f-4586-b08f-ae4600504177 </ns0:subfield></ns0:datafield><ns0:datafield ind1="4" ind2="0" tag="856"><ns0:subfield code="3">International Information Programs (IIP) Digital website.</ns0:subfield><ns0:subfield code="u">http://iipdigital.usembassy.gov/st/english/publication/2012/09/20120905135625ael0.4823986.html#axzz3AIGNuZLp</ns0:subfield></ns0:datafield></ns0:record>