
<ns0:record><ns0:leader>02277cam a2200361 a 4500</ns0:leader>
<ns0:controlfield tag="001">bcotA000075</ns0:controlfield>
<ns0:controlfield tag="005">20141027120503.0</ns0:controlfield><ns0:controlfield tag="006">m     o  d        </ns0:controlfield><ns0:controlfield tag="007">cr cn ---uuuuu</ns0:controlfield><ns0:controlfield tag="008">141024s2006    us      o     000 0 eng d</ns0:controlfield><ns0:datafield ind1=" " ind2=" " tag="035"><ns0:subfield code="a">(Sirsi) bcviu000983</ns0:subfield></ns0:datafield><ns0:datafield ind1=" " ind2=" " tag="035"><ns0:subfield code="a">(OCoLC)162105783</ns0:subfield></ns0:datafield><ns0:datafield ind1=" " ind2=" " tag="037"><ns0:subfield code="b">BCOpenCampus</ns0:subfield><ns0:subfield code="c">CostFree</ns0:subfield><ns0:subfield code="f">FormOnline</ns0:subfield><ns0:subfield code="g">AccessOpen</ns0:subfield></ns0:datafield><ns0:datafield ind1=" " ind2=" " tag="040"><ns0:subfield code="a">GPO</ns0:subfield><ns0:subfield code="b">eng</ns0:subfield><ns0:subfield code="c">GPO</ns0:subfield><ns0:subfield code="d">GPO</ns0:subfield><ns0:subfield code="d">OCLCQ</ns0:subfield><ns0:subfield code="d">OCLCF</ns0:subfield><ns0:subfield code="d">CN8ML</ns0:subfield><ns0:subfield code="d">OCLCO</ns0:subfield><ns0:subfield code="d">OCLCQ</ns0:subfield></ns0:datafield><ns0:datafield ind1=" " ind2="4" tag="050"><ns0:subfield code="a">RM300</ns0:subfield><ns0:subfield code="b">U55 2006 </ns0:subfield></ns0:datafield><ns0:datafield ind1="1" ind2=" " tag="100"><ns0:subfield code="a">Davis, Alison,</ns0:subfield><ns0:subfield code="d">1966-</ns0:subfield></ns0:datafield><ns0:datafield ind1="1" ind2="0" tag="245"><ns0:subfield code="a">Medicines by design</ns0:subfield><ns0:subfield code="c"> [written by Alison Davis].</ns0:subfield></ns0:datafield><ns0:datafield ind1=" " ind2=" " tag="260"><ns0:subfield code="a"> [Bethesda, Md.] : </ns0:subfield><ns0:subfield code="b"> U.S. Dept. of Health and Human Services, National Institutes of Health, National Institute of General Medical Sciences, </ns0:subfield><ns0:subfield code="c"> [2006 printing]</ns0:subfield></ns0:datafield><ns0:datafield ind1=" " ind2=" " tag="300"><ns0:subfield code="a">1 online resource (54 p.)</ns0:subfield></ns0:datafield><ns0:datafield ind1="1" ind2=" " tag="490"><ns0:subfield code="a">NIH publication ; </ns0:subfield><ns0:subfield code="v"> no. 06-474</ns0:subfield></ns0:datafield><ns0:datafield ind1=" " ind2=" " tag="500"><ns0:subfield code="a">Title from title screen (viewed June 11, 2007).</ns0:subfield></ns0:datafield><ns0:datafield ind1=" " ind2=" " tag="516"><ns0:subfield code="a">Text (HTML, PDF), electronic book.</ns0:subfield></ns0:datafield><ns0:datafield ind1=" " ind2=" " tag="520"><ns0:subfield code="a">"Medicines By Design aims to explain how scientists unravel the many different ways medicines work in the body and how this information guides the hunt for drugs of the future. Pharmacology is a broad discipline encompassing every aspect of the study of drugs, including their discovery and development and the testing of their action in the body. Much of the most promising pharmacological research going on at universities across the country is sponsored by the National Institute of General Medical Sciences (NIGMS), a component of the National Institutes of Health (NIH), U.S. Department of Health and Human Services. Working at the crossroads of chemistry, genetics, cell biology, physiology, and engineering, pharmacologists are fighting disease in the laboratory and at the bedside."--BCcampus website.</ns0:subfield></ns0:datafield><ns0:datafield ind1=" " ind2="0" tag="650"><ns0:subfield code="a">Drugs</ns0:subfield><ns0:subfield code="v">Textbooks.</ns0:subfield></ns0:datafield><ns0:datafield ind1=" " ind2="0" tag="650"><ns0:subfield code="a">Pharmacology</ns0:subfield><ns0:subfield code="v">Textbooks.</ns0:subfield></ns0:datafield><ns0:datafield ind1=" " ind2="0" tag="655"><ns0:subfield code="a">Electronic books.</ns0:subfield></ns0:datafield><ns0:datafield ind1="2" ind2=" " tag="710"><ns0:subfield code="a">BC Open Textbook Project.</ns0:subfield></ns0:datafield><ns0:datafield ind1="2" ind2=" " tag="710"><ns0:subfield code="a">BCcampus.</ns0:subfield></ns0:datafield><ns0:datafield ind1="2" ind2=" " tag="710"><ns0:subfield code="a">National Institute of General Medical Sciences.</ns0:subfield></ns0:datafield><ns0:datafield ind1="2" ind2=" " tag="710"><ns0:subfield code="a">National Institute of Health.</ns0:subfield></ns0:datafield><ns0:datafield ind1=" " ind2="0" tag="830"><ns0:subfield code="a">NIH publication ;</ns0:subfield><ns0:subfield code="v"> no. 06-474.</ns0:subfield></ns0:datafield><ns0:datafield ind1="4" ind2="0" tag="856"><ns0:subfield code="3">BC Open Textbook Project.</ns0:subfield><ns0:subfield code="u">https://open.bccampus.ca/find-open-textbooks/?uuid=81f9ddbb-b946-400e-ac10-9afd71c47e32 </ns0:subfield></ns0:datafield><ns0:datafield ind1="4" ind2="0" tag="856"><ns0:subfield code="3">GPO PURL ACCESS.</ns0:subfield><ns0:subfield code="u">http://purl.access.gpo.gov/GPO/LPS71185</ns0:subfield></ns0:datafield></ns0:record>