
<ns0:record><ns0:leader>01493cam a2200301 a 4500</ns0:leader>
<ns0:controlfield tag="001">bcotA000088</ns0:controlfield>
<ns0:controlfield tag="005">20150916143120.0</ns0:controlfield><ns0:controlfield tag="006">m     o  d        </ns0:controlfield><ns0:controlfield tag="007">cr cn ---uuuuu</ns0:controlfield><ns0:controlfield tag="008">150916s2014    bcc     o     000 0 eng d</ns0:controlfield><ns0:datafield ind1=" " ind2=" " tag="037"><ns0:subfield code="b">BCOpenCampus</ns0:subfield><ns0:subfield code="c">CostFree</ns0:subfield><ns0:subfield code="f">FormOnline</ns0:subfield><ns0:subfield code="g">AccessOpen</ns0:subfield></ns0:datafield><ns0:datafield ind1=" " ind2=" " tag="040"><ns0:subfield code="a">BNM</ns0:subfield><ns0:subfield code="b">eng</ns0:subfield><ns0:subfield code="d">CaBSKC</ns0:subfield></ns0:datafield><ns0:datafield ind1=" " ind2="4" tag="050"><ns0:subfield code="a">PE1112</ns0:subfield><ns0:subfield code="b">H67 2014</ns0:subfield></ns0:datafield><ns0:datafield ind1="1" ind2=" " tag="100"><ns0:subfield code="a">Horkoff, Tara.</ns0:subfield></ns0:datafield><ns0:datafield ind1="1" ind2="0" tag="245"><ns0:subfield code="a">Writing for success</ns0:subfield><ns0:subfield code="c">Tara Horkoff.</ns0:subfield></ns0:datafield><ns0:datafield ind1=" " ind2=" " tag="250"><ns0:subfield code="a">1st Canadian ed.</ns0:subfield></ns0:datafield><ns0:datafield ind1=" " ind2=" " tag="260"><ns0:subfield code="a">Victoria :</ns0:subfield><ns0:subfield code="b">BCcampus, BC Open Textbook Project,</ns0:subfield><ns0:subfield code="c">c2015.</ns0:subfield></ns0:datafield><ns0:datafield ind1=" " ind2=" " tag="300"><ns0:subfield code="a">1 online resource (441 p.)</ns0:subfield></ns0:datafield><ns0:datafield ind1=" " ind2=" " tag="500"><ns0:subfield code="a">"Writing for Success by Tara Horkoff is a derivative textbook based on Writing for Success by Scott McLean"--T.p.</ns0:subfield></ns0:datafield><ns0:datafield ind1=" " ind2=" " tag="516"><ns0:subfield code="a">Text (HTML, PDF), electronic book.</ns0:subfield></ns0:datafield><ns0:datafield ind1=" " ind2=" " tag="520"><ns0:subfield code="a">"Writing for Success is a text that provides instruction in steps, builds writing, reading, and critical thinking, and combines comprehensive grammar review with an introduction to paragraph writing and composition."--BCcampus website.</ns0:subfield></ns0:datafield><ns0:datafield ind1=" " ind2=" " tag="588"><ns0:subfield code="a">Description based on version viewed on BCcampus OpenEd, BC Open Textbook Project website; title from pdf title page.</ns0:subfield></ns0:datafield><ns0:datafield ind1=" " ind2="0" tag="650"><ns0:subfield code="a">English language</ns0:subfield><ns0:subfield code="x">Grammar</ns0:subfield><ns0:subfield code="v">Textbooks.</ns0:subfield></ns0:datafield><ns0:datafield ind1=" " ind2="0" tag="655"><ns0:subfield code="a">Electronic books.</ns0:subfield></ns0:datafield><ns0:datafield ind1="1" ind2=" " tag="700"><ns0:subfield code="a">McLean, Scott.</ns0:subfield><ns0:subfield code="t">Writing for success.</ns0:subfield><ns0:subfield code="d">Arlington, Va. : Saylor Foundation.</ns0:subfield></ns0:datafield><ns0:datafield ind1="2" ind2=" " tag="710"><ns0:subfield code="a">BC Open Textbook Project.</ns0:subfield></ns0:datafield><ns0:datafield ind1="2" ind2=" " tag="710"><ns0:subfield code="a">BCcampus.</ns0:subfield></ns0:datafield><ns0:datafield ind1="4" ind2="0" tag="856"><ns0:subfield code="3">BC Open Textbook Project.</ns0:subfield><ns0:subfield code="u">https://open.bccampus.ca/find-open-textbooks/?uuid=8d415c45-41da-4c9d-8c9d-ab66bbdd359c </ns0:subfield></ns0:datafield><ns2:datafield ind1=" " ind2=" " tag="035"><ns0:subfield code="a">(AutoGenerated)201802141659510110347</ns0:subfield></ns2:datafield></ns0:record>