
<ns0:record><ns0:leader>02078cam a2200289 a 4500</ns0:leader>
<ns0:controlfield tag="001">bcotA000095</ns0:controlfield>
<ns0:controlfield tag="006">m     o  d        </ns0:controlfield><ns0:controlfield tag="007">cr cn ---uuuuu</ns0:controlfield><ns0:controlfield tag="008">151127s2014    cau     o     000 0 eng d</ns0:controlfield><ns0:datafield ind1=" " ind2=" " tag="035"><ns0:subfield code="a">(Sirsi) bcviu000873</ns0:subfield></ns0:datafield><ns0:datafield ind1=" " ind2=" " tag="035"><ns0:subfield code="a">(OCoLC)892455329</ns0:subfield></ns0:datafield><ns0:datafield ind1=" " ind2=" " tag="037"><ns0:subfield code="b">BCOpenCampus</ns0:subfield><ns0:subfield code="c">CostFree</ns0:subfield><ns0:subfield code="f">FormOnline</ns0:subfield><ns0:subfield code="g">AccessOpen</ns0:subfield></ns0:datafield><ns0:datafield ind1=" " ind2=" " tag="040"><ns0:subfield code="a">BNM</ns0:subfield><ns0:subfield code="b">eng</ns0:subfield><ns0:subfield code="d">CaBSKC</ns0:subfield></ns0:datafield><ns0:datafield ind1=" " ind2="4" tag="050"><ns0:subfield code="a">QA300</ns0:subfield><ns0:subfield code="b">C76 2005</ns0:subfield></ns0:datafield><ns0:datafield ind1="1" ind2=" " tag="100"><ns0:subfield code="a">Crowell, Benjamin.</ns0:subfield></ns0:datafield><ns0:datafield ind1="1" ind2="0" tag="245"><ns0:subfield code="a">Brief calculus</ns0:subfield><ns0:subfield code="c">Benjamin Crowell.</ns0:subfield></ns0:datafield><ns0:datafield ind1=" " ind2=" " tag="250"><ns0:subfield code="a">rev. April 14, 2014</ns0:subfield></ns0:datafield><ns0:datafield ind1=" " ind2=" " tag="260"><ns0:subfield code="a">Fullerton, CA :</ns0:subfield><ns0:subfield code="b">Light and Matter,</ns0:subfield><ns0:subfield code="c">2014.</ns0:subfield></ns0:datafield><ns0:datafield ind1=" " ind2=" " tag="300"><ns0:subfield code="a">1 online resource (207 p.)</ns0:subfield></ns0:datafield><ns0:datafield ind1=" " ind2=" " tag="516"><ns0:subfield code="a">Text (HTML, PDF), electronic book.</ns0:subfield></ns0:datafield><ns0:datafield ind1=" " ind2=" " tag="520"><ns0:subfield code="a">"This short text is designed more for self-study or review than for classroom use; full solutions are given for nearly all the end-of-chapter problems. For a more traditional text designed for classroom use, see Fundamentals of Calculus (http://www.lightandmatter.com/fund/). The focus is mainly on integration and differentiation of functions of a single variable, although iterated integrals are discussed. Infinitesimals are used when appropriate, and are treated more rigorously than in old books like Thompson's Calculus Made Easy, but in less detail than in Keisler's Elementary Calculus: An Approach Using Infinitesimals. Numerical examples are given using the open-source computer algebra system Yacas, and Yacas is also used sometimes to cut down on the drudgery of symbolic techniques such as partial fractions. Proofs are given for all important results, but are often relegated to the back of the book, and the emphasis is on teaching the techniques of calculus rather than on abstract results."--BCcampus website.</ns0:subfield></ns0:datafield><ns0:datafield ind1=" " ind2=" " tag="588"><ns0:subfield code="a">Description based on version viewed on BCcampus OpenEd, BC Open Textbook Project website; title from pdf title page.</ns0:subfield></ns0:datafield><ns0:datafield ind1=" " ind2="0" tag="650"><ns0:subfield code="a">Calculus</ns0:subfield><ns0:subfield code="v">Textbooks.</ns0:subfield></ns0:datafield><ns0:datafield ind1=" " ind2="0" tag="655"><ns0:subfield code="a">Electronic books.</ns0:subfield></ns0:datafield><ns0:datafield ind1="2" ind2=" " tag="710"><ns0:subfield code="a">BC Open Textbook Project.</ns0:subfield></ns0:datafield><ns0:datafield ind1="2" ind2=" " tag="710"><ns0:subfield code="a">BCcampus.</ns0:subfield></ns0:datafield><ns0:datafield ind1="4" ind2="0" tag="856"><ns0:subfield code="3">BC Open Textbook Project.</ns0:subfield><ns0:subfield code="u">https://open.bccampus.ca/find-open-textbooks/?uuid=9fca6815-4a12-4e4a-9c71-1920f1c292db </ns0:subfield></ns0:datafield></ns0:record>