
<ns0:record><ns0:leader>02077cam a2200325 a 4500</ns0:leader>
<ns0:controlfield tag="001">bcotA000110</ns0:controlfield>
<ns0:controlfield tag="005">20151008131947.0</ns0:controlfield><ns0:controlfield tag="006">m        u        </ns0:controlfield><ns0:controlfield tag="007">cr cn ---uuuuu</ns0:controlfield><ns0:controlfield tag="008">151007s2015    xx      s     000 0 eng d</ns0:controlfield><ns0:datafield ind1=" " ind2=" " tag="037"><ns0:subfield code="b">BCOpenCampus</ns0:subfield><ns0:subfield code="c">CostFree</ns0:subfield><ns0:subfield code="f">FormOnline</ns0:subfield><ns0:subfield code="g">AccessOpen</ns0:subfield></ns0:datafield><ns0:datafield ind1=" " ind2=" " tag="040"><ns0:subfield code="a">BNM</ns0:subfield><ns0:subfield code="b">eng</ns0:subfield><ns0:subfield code="c">CaBNM</ns0:subfield><ns0:subfield code="d">CaBSKC</ns0:subfield></ns0:datafield><ns0:datafield ind1=" " ind2="4" tag="050"><ns0:subfield code="a">T55.A2</ns0:subfield><ns0:subfield code="b">L582 2015</ns0:subfield></ns0:datafield><ns0:datafield ind1="1" ind2=" " tag="100"><ns0:subfield code="a">Lidstone, Rod.</ns0:subfield></ns0:datafield><ns0:datafield ind1="1" ind2="0" tag="245"><ns0:subfield code="a">Trades access common core</ns0:subfield><ns0:subfield code="b">line A: safe work practices, competency A-1: control workplace hazards /</ns0:subfield><ns0:subfield code="c">[Rod Lidstone, lead writer].</ns0:subfield></ns0:datafield><ns0:datafield ind1="3" ind2=" " tag="246"><ns0:subfield code="a">Safe work practices</ns0:subfield></ns0:datafield><ns0:datafield ind1="3" ind2=" " tag="246"><ns0:subfield code="a">Control workplace hazards</ns0:subfield></ns0:datafield><ns0:datafield ind1=" " ind2=" " tag="250"><ns0:subfield code="a">October 2015, version 1.</ns0:subfield></ns0:datafield><ns0:datafield ind1=" " ind2=" " tag="260"><ns0:subfield code="a">[Victoria, B.C.] :</ns0:subfield><ns0:subfield code="b">Ministry of Technology, Innovation and Citizens’ Services,</ns0:subfield><ns0:subfield code="c">2015.</ns0:subfield></ns0:datafield><ns0:datafield ind1=" " ind2=" " tag="300"><ns0:subfield code="a">1 online resource (91 p.)</ns0:subfield></ns0:datafield><ns0:datafield ind1=" " ind2=" " tag="500"><ns0:subfield code="a">"Copyright Camosun College"--P. 2.</ns0:subfield></ns0:datafield><ns0:datafield ind1=" " ind2=" " tag="516"><ns0:subfield code="a">Text (HTML, PDF), electronic book.</ns0:subfield></ns0:datafield><ns0:datafield ind1=" " ind2=" " tag="520"><ns0:subfield code="a">"Safety is a part of the job. When you take a job, you have a safety obligation to your employer, co-workers, family, and yourself. By recognizing and understanding the hazards in your work area, you can prevent the occurrence of many accidents. Most accidents are preventable. Both employees and employers must take responsibility for making the workplace safe. The following list of lines and competencies was generated with the goal of creating an entry-level trades training resource, while still offering the flexibility for lines to be used as stand-alone books. Line A Books include: A-1 Control Workplace Hazards, A-2 Describe WorkSafeBC Regulations, A-3 Handle Hazardous Materials Safely, A-4 Describe Personal Safety Practices, A-5 Describe Fire Safety."--BC Campus website.</ns0:subfield></ns0:datafield><ns0:datafield ind1=" " ind2="0" tag="650"><ns0:subfield code="a">Industrial safety</ns0:subfield><ns0:subfield code="v">Textbooks.</ns0:subfield></ns0:datafield><ns0:datafield ind1=" " ind2="0" tag="655"><ns0:subfield code="a">Electronic books.</ns0:subfield></ns0:datafield><ns0:datafield ind1="2" ind2=" " tag="710"><ns0:subfield code="a">Camosun College.</ns0:subfield></ns0:datafield><ns0:datafield ind1="1" ind2=" " tag="710"><ns0:subfield code="a">British Columbia.</ns0:subfield><ns0:subfield code="b">Ministry of Technolgy, Innovation and Citizens' Services.</ns0:subfield></ns0:datafield><ns0:datafield ind1="2" ind2=" " tag="710"><ns0:subfield code="a">BC Open Textbook Project.</ns0:subfield></ns0:datafield><ns0:datafield ind1="2" ind2=" " tag="710"><ns0:subfield code="a">BCcampus.</ns0:subfield></ns0:datafield><ns0:datafield ind1="4" ind2="0" tag="856"><ns0:subfield code="3">BC Open Textbook Project.</ns0:subfield><ns0:subfield code="u">https://open.bccampus.ca/find-open-textbooks/?uuid=e85297b6-1165-40cd-bc96-cbb172af3e4d</ns0:subfield></ns0:datafield><ns2:datafield ind1=" " ind2=" " tag="035"><ns0:subfield code="a">(AutoGenerated)201802141659510110920</ns0:subfield></ns2:datafield></ns0:record>