
<ns0:record><ns0:leader>02705cam a2200337 a 4500</ns0:leader>
<ns0:controlfield tag="001">bcotA000113</ns0:controlfield>
<ns0:controlfield tag="005">20151008134206.0</ns0:controlfield><ns0:controlfield tag="006">m        u        </ns0:controlfield><ns0:controlfield tag="007">cr cn ---uuuuu</ns0:controlfield><ns0:controlfield tag="008">151007s2015    xx      s     000 0 eng d</ns0:controlfield><ns0:datafield ind1=" " ind2=" " tag="037"><ns0:subfield code="b">BCOpenCampus</ns0:subfield><ns0:subfield code="c">CostFree</ns0:subfield><ns0:subfield code="f">FormOnline</ns0:subfield><ns0:subfield code="g">AccessOpen</ns0:subfield></ns0:datafield><ns0:datafield ind1=" " ind2=" " tag="040"><ns0:subfield code="a">BNM</ns0:subfield><ns0:subfield code="b">eng</ns0:subfield><ns0:subfield code="c">CaBNM</ns0:subfield><ns0:subfield code="d">CaBSKC</ns0:subfield></ns0:datafield><ns0:datafield ind1=" " ind2="4" tag="050"><ns0:subfield code="a">HF5381.6</ns0:subfield><ns0:subfield code="b">L58 2015</ns0:subfield></ns0:datafield><ns0:datafield ind1="1" ind2=" " tag="100"><ns0:subfield code="a">Lidstone, Rod.</ns0:subfield></ns0:datafield><ns0:datafield ind1="1" ind2="0" tag="245"><ns0:subfield code="a">Trades access common core</ns0:subfield><ns0:subfield code="b">line B: employability skills, competency B-1: apply study and learning skills /</ns0:subfield><ns0:subfield code="c">[Rod Lidstone, lead writer].</ns0:subfield></ns0:datafield><ns0:datafield ind1="3" ind2=" " tag="246"><ns0:subfield code="a">Employability skills</ns0:subfield></ns0:datafield><ns0:datafield ind1="3" ind2=" " tag="246"><ns0:subfield code="a">Apply study and learning skills</ns0:subfield></ns0:datafield><ns0:datafield ind1=" " ind2=" " tag="250"><ns0:subfield code="a">October 2015, version 1.</ns0:subfield></ns0:datafield><ns0:datafield ind1=" " ind2=" " tag="260"><ns0:subfield code="a">[Victoria, B.C.] :</ns0:subfield><ns0:subfield code="b">Ministry of Technology, Innovation and Citizens’ Services,</ns0:subfield><ns0:subfield code="c">2015.</ns0:subfield></ns0:datafield><ns0:datafield ind1=" " ind2=" " tag="300"><ns0:subfield code="a">1 online resource (53 p.)</ns0:subfield></ns0:datafield><ns0:datafield ind1=" " ind2=" " tag="500"><ns0:subfield code="a">"Copyright Camosun College"--P. 2.</ns0:subfield></ns0:datafield><ns0:datafield ind1=" " ind2=" " tag="516"><ns0:subfield code="a">Text (HTML, PDF), electronic book.</ns0:subfield></ns0:datafield><ns0:datafield ind1=" " ind2=" " tag="520"><ns0:subfield code="a">"Every learner has different abilities, backgrounds, and life experiences. Some individuals will be entering a trades program directly from high school as part of a dual-credit program or youth initiative and have limited experience outside of the classroom. Others may have been out ofthe formal education system for a number of years, but bring valuable years of work experience into the classroom. Regardless of where you are starting from, integral to your success in postsecondary education is developing effective study and learning skills. Time spent on these learning tasks will increase the effectiveness of time spent on all other learning tasks in your training program. In addition, the techniques that you choose to adopt and the effective study routine that you develop will benefit you in lifelong learning, be it formal or informal, at school, on the job, or for your own personal interest. The following list of lines and competencies was generated with the goal of creating an entry-level trades training resource, while still offering the flexibility for lines to be used as stand-alone books. Line B - Employability Skills. B-1 Apply Study and Learning Skills, B-2 Describe Expectations and Responsibilities of Employers and Employees, B-3 Use Interpersonal Communication Skills, B-4 Describe the Apprenticeship System."--BC Campus website.</ns0:subfield></ns0:datafield><ns0:datafield ind1=" " ind2="0" tag="650"><ns0:subfield code="a">Employability</ns0:subfield><ns0:subfield code="v">Textbooks.</ns0:subfield></ns0:datafield><ns0:datafield ind1=" " ind2="0" tag="650"><ns0:subfield code="a">Study skills</ns0:subfield><ns0:subfield code="v">Textbooks.</ns0:subfield></ns0:datafield><ns0:datafield ind1=" " ind2="0" tag="655"><ns0:subfield code="a">Electronic books.</ns0:subfield></ns0:datafield><ns0:datafield ind1="2" ind2=" " tag="710"><ns0:subfield code="a">BC Open Textbook Project.</ns0:subfield></ns0:datafield><ns0:datafield ind1="2" ind2=" " tag="710"><ns0:subfield code="a">Camosun College.</ns0:subfield></ns0:datafield><ns0:datafield ind1="1" ind2=" " tag="710"><ns0:subfield code="a">British Columbia.</ns0:subfield><ns0:subfield code="b">Ministry of Technolgy, Innovation and Citizens' Services.</ns0:subfield></ns0:datafield><ns0:datafield ind1="2" ind2=" " tag="710"><ns0:subfield code="a">BCcampus.</ns0:subfield></ns0:datafield><ns0:datafield ind1="4" ind2="0" tag="856"><ns0:subfield code="3">BC Open Textbook Project.</ns0:subfield><ns0:subfield code="u">https://open.bccampus.ca/find-open-textbooks/?uuid=e03c3fb8-495b-4219-b583-5649d27f09b0</ns0:subfield></ns0:datafield><ns2:datafield ind1=" " ind2=" " tag="035"><ns0:subfield code="a">(AutoGenerated)201802141659510110962</ns0:subfield></ns2:datafield></ns0:record>