
<ns0:record><ns0:leader>02141cam a2200325 a 4500</ns0:leader>
<ns0:controlfield tag="001">bcotA000121</ns0:controlfield>
<ns0:controlfield tag="005">20150616122501.0</ns0:controlfield><ns0:controlfield tag="006">m        u        </ns0:controlfield><ns0:controlfield tag="007">cr cn ---uuuuu</ns0:controlfield><ns0:controlfield tag="008">150616s2014    xx      s     000 0 eng d</ns0:controlfield><ns0:datafield ind1=" " ind2=" " tag="035"><ns0:subfield code="a">(Sirsi) bcviu001674</ns0:subfield></ns0:datafield><ns0:datafield ind1=" " ind2=" " tag="035"><ns0:subfield code="a">(OCoLC)914216994</ns0:subfield></ns0:datafield><ns0:datafield ind1=" " ind2=" " tag="037"><ns0:subfield code="b">BCOpenCampus</ns0:subfield><ns0:subfield code="c">CostFree</ns0:subfield><ns0:subfield code="f">FormOnline</ns0:subfield><ns0:subfield code="g">AccessOpen</ns0:subfield></ns0:datafield><ns0:datafield ind1=" " ind2=" " tag="040"><ns0:subfield code="a">BNM</ns0:subfield><ns0:subfield code="b">eng</ns0:subfield><ns0:subfield code="c">CaBNM</ns0:subfield><ns0:subfield code="d">CaBSKC</ns0:subfield></ns0:datafield><ns0:datafield ind1=" " ind2=" " tag="043"><ns0:subfield code="a">n-cn-bc</ns0:subfield></ns0:datafield><ns0:datafield ind1=" " ind2="4" tag="050"><ns0:subfield code="a">T55.A22</ns0:subfield><ns0:subfield code="b">B75 2014</ns0:subfield></ns0:datafield><ns0:datafield ind1="0" ind2="0" tag="245"><ns0:subfield code="a">Workplace safety in the foodservice industry</ns0:subfield><ns0:subfield code="c">BC Cook Articulation Committee.</ns0:subfield></ns0:datafield><ns0:datafield ind1="3" ind2=" " tag="246"><ns0:subfield code="a">Workplace safety in the food service industry</ns0:subfield></ns0:datafield><ns0:datafield ind1=" " ind2=" " tag="260"><ns0:subfield code="a">[Victoria] :</ns0:subfield><ns0:subfield code="b">BCcampus, BC Open Textbook Project,</ns0:subfield><ns0:subfield code="c">[2014?]</ns0:subfield></ns0:datafield><ns0:datafield ind1=" " ind2=" " tag="300"><ns0:subfield code="a">1 online resource (68 p.)</ns0:subfield></ns0:datafield><ns0:datafield ind1=" " ind2=" " tag="516"><ns0:subfield code="a">Text (HTML, PDF), electronic book.</ns0:subfield></ns0:datafield><ns0:datafield ind1=" " ind2=" " tag="520"><ns0:subfield code="a">"Workplace Safety in the Foodservice Industry is one of a series of Culinary Arts books developed to support the training of students and apprentices in BC's foodservice and hospitality industry. Your health and well-being are your most valuable possessions. Many laws and regulations exist to ensure employee safety, yet every year thousands of serious injuries occur. In many cases, these injuries have serious long-term consequences for both employees and employers. For those new to the workforce, or working in the foodservice industry for the first time, having a solid understanding of both the rights and responsibilities of the employer and employee and training in how to operate safely in the workplace are the keys to minimizing the risk of a workplace injury."--BC Campus website.</ns0:subfield></ns0:datafield><ns0:datafield ind1=" " ind2="0" tag="650"><ns0:subfield code="a">Industrial safety</ns0:subfield><ns0:subfield code="v">Textbooks.</ns0:subfield></ns0:datafield><ns0:datafield ind1=" " ind2="0" tag="650"><ns0:subfield code="a">Food service</ns0:subfield><ns0:subfield code="z">British Columbia</ns0:subfield><ns0:subfield code="v">Textbooks.</ns0:subfield></ns0:datafield><ns0:datafield ind1=" " ind2="0" tag="655"><ns0:subfield code="a">Electronic books.</ns0:subfield></ns0:datafield><ns0:datafield ind1="2" ind2=" " tag="710"><ns0:subfield code="a">BC Open Textbook Project.</ns0:subfield></ns0:datafield><ns0:datafield ind1="2" ind2=" " tag="710"><ns0:subfield code="a">British Columbia Cook Articulation Committee.</ns0:subfield></ns0:datafield><ns0:datafield ind1="2" ind2=" " tag="710"><ns0:subfield code="a">BCcampus.</ns0:subfield></ns0:datafield><ns0:datafield ind1="4" ind2="0" tag="856"><ns0:subfield code="3">BC Open Textbook Project.</ns0:subfield><ns0:subfield code="u">https://open.bccampus.ca/find-open-textbooks/?uuid=8e16635e-8041-4986-8872-f16cce8d3781</ns0:subfield></ns0:datafield><ns0:datafield ind1="4" ind2="0" tag="856"><ns0:subfield code="3">BC Open Textbook Project PDF version.</ns0:subfield><ns0:subfield code="u">http://solr.bccampus.ca:8001/bcc/items/8e16635e-8041-4986-8872-f16cce8d3781/1/?attachment.uuid=8dfa1361-bef3-4fe0-a7d9-fe1541ac6e43</ns0:subfield></ns0:datafield></ns0:record>