
<ns0:record><ns0:leader>01451cam a2200265 a 4500</ns0:leader>
<ns0:controlfield tag="001">bcotA000126</ns0:controlfield>
<ns0:controlfield tag="005">20151016100053.0</ns0:controlfield><ns0:controlfield tag="006">m        u        </ns0:controlfield><ns0:controlfield tag="007">cr cn ---uuuuu</ns0:controlfield><ns0:controlfield tag="008">141027s2007    xx      s     00000 eng d</ns0:controlfield><ns0:datafield ind1=" " ind2=" " tag="037"><ns0:subfield code="b">BCOpenCampus</ns0:subfield><ns0:subfield code="c">CostFree</ns0:subfield><ns0:subfield code="f">FormOnline</ns0:subfield><ns0:subfield code="g">AccessOpen</ns0:subfield></ns0:datafield><ns0:datafield ind1=" " ind2=" " tag="040"><ns0:subfield code="a">BNM</ns0:subfield><ns0:subfield code="b">eng</ns0:subfield><ns0:subfield code="c">CaBNM</ns0:subfield><ns0:subfield code="d">CaBSKC</ns0:subfield></ns0:datafield><ns0:datafield ind1=" " ind2="4" tag="050"><ns0:subfield code="a">RC86.7</ns0:subfield><ns0:subfield code="b">F57 2007</ns0:subfield></ns0:datafield><ns0:datafield ind1="0" ind2="0" tag="245"><ns0:subfield code="a">First aid </ns0:subfield></ns0:datafield><ns0:datafield ind1="3" ind2=" " tag="246"><ns0:subfield code="a">First aid for Canada</ns0:subfield></ns0:datafield><ns0:datafield ind1=" " ind2=" " tag="260"><ns0:subfield code="a">[S.l.] :</ns0:subfield><ns0:subfield code="b">wikibooks.org,</ns0:subfield><ns0:subfield code="c">2007.</ns0:subfield></ns0:datafield><ns0:datafield ind1=" " ind2=" " tag="300"><ns0:subfield code="a">1 online resource.</ns0:subfield></ns0:datafield><ns0:datafield ind1=" " ind2=" " tag="500"><ns0:subfield code="a">"September 19, 2007".</ns0:subfield></ns0:datafield><ns0:datafield ind1=" " ind2=" " tag="516"><ns0:subfield code="a">Text (HTML, PDF), electronic book.</ns0:subfield></ns0:datafield><ns0:datafield ind1=" " ind2=" " tag="520"><ns0:subfield code="a">"First aid is the provision of immediate care to a victim with an injury of illness, usually effected by a lay person, and performed within a limited skill range. First aid is normally performed until the injury or illness is satisfactorily dealt with (such as in the case of small cuts, minor bruises, and blisters) or until the next level of care, such as an ambulance or doctor, arrives. This book is a Canadian version of the original at Wikibooks. All references to protocols which do not comply with resuscitation standards in Canada have been removed."--BC Campus website.</ns0:subfield></ns0:datafield><ns0:datafield ind1=" " ind2="0" tag="650"><ns0:subfield code="a">First aid in illness and injury</ns0:subfield><ns0:subfield code="v">Textbooks.</ns0:subfield></ns0:datafield><ns0:datafield ind1=" " ind2="0" tag="655"><ns0:subfield code="a">Electronic books.</ns0:subfield></ns0:datafield><ns0:datafield ind1="2" ind2=" " tag="710"><ns0:subfield code="a">BC Open Textbook Project.</ns0:subfield></ns0:datafield><ns0:datafield ind1="2" ind2=" " tag="710"><ns0:subfield code="a">BCcampus.</ns0:subfield></ns0:datafield><ns0:datafield ind1="4" ind2="0" tag="856"><ns0:subfield code="3">BC Open Textbook Project.</ns0:subfield><ns0:subfield code="u">https://open.bccampus.ca/find-open-textbooks/?uuid=96825068-7bdc-4c42-a50a-8dd47c3f2ead</ns0:subfield></ns0:datafield><ns2:datafield ind1=" " ind2=" " tag="035"><ns0:subfield code="a">(AutoGenerated)201802141659510111313</ns0:subfield></ns2:datafield></ns0:record>