
<ns0:record><ns0:leader>02300cam a2200349 i 4500</ns0:leader>
<ns0:controlfield tag="001">bcotA000133</ns0:controlfield>
<ns0:controlfield tag="006">m        u        </ns0:controlfield><ns0:controlfield tag="007">cr cn ---uuuuu</ns0:controlfield><ns0:controlfield tag="008">160107s2015    bcc     o     000 0 eng d</ns0:controlfield><ns0:datafield ind1=" " ind2=" " tag="037"><ns0:subfield code="b">BCOpenCampus</ns0:subfield><ns0:subfield code="c">CostFree</ns0:subfield><ns0:subfield code="f">FormOnline</ns0:subfield><ns0:subfield code="g">AccessOpen</ns0:subfield></ns0:datafield><ns0:datafield ind1=" " ind2=" " tag="040"><ns0:subfield code="a">BNM</ns0:subfield><ns0:subfield code="b">eng</ns0:subfield><ns0:subfield code="c">CaBNM</ns0:subfield><ns0:subfield code="d">CaBSKC</ns0:subfield></ns0:datafield><ns0:datafield ind1=" " ind2="4" tag="050"><ns0:subfield code="a">TH165</ns0:subfield><ns0:subfield code="b">L583 2015</ns0:subfield></ns0:datafield><ns0:datafield ind1="1" ind2=" " tag="100"><ns0:subfield code="a">Lidstone, Rod.</ns0:subfield></ns0:datafield><ns0:datafield ind1="1" ind2="0" tag="245"><ns0:subfield code="a">Trades access common core.</ns0:subfield><ns0:subfield code="n">Line E,</ns0:subfield><ns0:subfield code="p">Electrical fundamentals,</ns0:subfield><ns0:subfield code="n">Competency E-1,</ns0:subfield><ns0:subfield code="p">Describe the basic principles of electricity</ns0:subfield></ns0:datafield><ns0:datafield ind1="3" ind2=" " tag="246"><ns0:subfield code="a">Electrical fundamentals</ns0:subfield></ns0:datafield><ns0:datafield ind1="3" ind2=" " tag="246"><ns0:subfield code="a">Describe the basic principles of electricity</ns0:subfield></ns0:datafield><ns0:datafield ind1=" " ind2=" " tag="250"><ns0:subfield code="a">October 2015, Version 1.</ns0:subfield></ns0:datafield><ns0:datafield ind1=" " ind2=" " tag="260"><ns0:subfield code="a">[Victoria, B.C.] :</ns0:subfield><ns0:subfield code="b">Ministry of Technology, Innovation and Citizens’ Services,</ns0:subfield><ns0:subfield code="c">2015.</ns0:subfield></ns0:datafield><ns0:datafield ind1=" " ind2=" " tag="300"><ns0:subfield code="a">1 online resource (48 p.)</ns0:subfield></ns0:datafield><ns0:datafield ind1=" " ind2=" " tag="500"><ns0:subfield code="a">"Copyright Camosun College"--P. 2.</ns0:subfield></ns0:datafield><ns0:datafield ind1=" " ind2=" " tag="516"><ns0:subfield code="a">Text (HTML, PDF), electronic book.</ns0:subfield></ns0:datafield><ns0:datafield ind1=" " ind2=" " tag="520"><ns0:subfield code="a">"You will use electricity daily. Vehicles and machinery are started and often operated by electricity. Electric tools make the performance of your job easier and more efficient. However, to use electricity safely and effectively, it is important to understand electricity's terminology and principles.The following list of lines and competencies was generated with the goal of creating an entry-level trades training resource, while still offering the flexibility for lines to be used as stand-alone books. E-1 Describe the Basic Principles of Electricity, E-2 Identify Common Circuit Components and Their Symbols, E-3 Explain Wiring Connections, E-4 Use Multimeters"--BC Campus website.</ns0:subfield></ns0:datafield><ns0:datafield ind1=" " ind2=" " tag="588"><ns0:subfield code="a">Description based on online resource; title from pdf title page (viewed on January 7, 2016).</ns0:subfield></ns0:datafield><ns0:datafield ind1=" " ind2="0" tag="650"><ns0:subfield code="a">Electricity</ns0:subfield><ns0:subfield code="v">Textbooks.</ns0:subfield></ns0:datafield><ns0:datafield ind1=" " ind2="0" tag="655"><ns0:subfield code="a">Electronic books.</ns0:subfield></ns0:datafield><ns0:datafield ind1="2" ind2=" " tag="710"><ns0:subfield code="a">BC Open Textbook Project.</ns0:subfield></ns0:datafield><ns0:datafield ind1="2" ind2=" " tag="710"><ns0:subfield code="a">Camosun College.</ns0:subfield></ns0:datafield><ns0:datafield ind1="1" ind2=" " tag="710"><ns0:subfield code="a">British Columbia.</ns0:subfield><ns0:subfield code="b">Ministry of Technolgy, Innovation and Citizens' Services.</ns0:subfield></ns0:datafield><ns0:datafield ind1="2" ind2=" " tag="710"><ns0:subfield code="a">BC Open Textbook Project.</ns0:subfield></ns0:datafield><ns0:datafield ind1="2" ind2=" " tag="710"><ns0:subfield code="a">BCcampus.</ns0:subfield></ns0:datafield><ns0:datafield ind1="4" ind2="0" tag="856"><ns0:subfield code="3">BC Open Textbook Project.</ns0:subfield><ns0:subfield code="u">https://open.bccampus.ca/find-open-textbooks/?uuid=c3bf5e3b-e724-406b-94be-beb619bef3e6</ns0:subfield></ns0:datafield><ns0:datafield ind1="4" ind2="0" tag="856"><ns0:subfield code="3">BC Open Textbook Project PDF version.</ns0:subfield><ns0:subfield code="u">http://solr.bccampus.ca:8001/bcc/items/c3bf5e3b-e724-406b-94be-beb619bef3e6/1/?attachment.uuid=bd0efa78-0c82-41d9-a8c5-3401df447e68</ns0:subfield></ns0:datafield><ns2:datafield ind1=" " ind2=" " tag="035"><ns0:subfield code="a">(AutoGenerated)201802141659510111490</ns0:subfield></ns2:datafield></ns0:record>