
<ns0:record><ns0:leader>02201cam a2200361 a 4500</ns0:leader>
<ns0:controlfield tag="001">bcotA000139</ns0:controlfield>
<ns0:controlfield tag="005">20160129120915.0</ns0:controlfield><ns0:controlfield tag="006">m        d        </ns0:controlfield><ns0:controlfield tag="007">cr cn ---uuuuu</ns0:controlfield><ns0:controlfield tag="008">160129s2016    nyu     o     000 0 eng d</ns0:controlfield><ns0:datafield ind1=" " ind2=" " tag="020"><ns0:subfield code="a">9781942341215</ns0:subfield></ns0:datafield><ns0:datafield ind1=" " ind2=" " tag="035"><ns0:subfield code="a">(OCoLC)933620788</ns0:subfield></ns0:datafield><ns0:datafield ind1=" " ind2=" " tag="037"><ns0:subfield code="b">BCOpenCampus</ns0:subfield><ns0:subfield code="c">CostFree</ns0:subfield><ns0:subfield code="f">FormOnline</ns0:subfield><ns0:subfield code="g">AccessOpen</ns0:subfield></ns0:datafield><ns0:datafield ind1=" " ind2=" " tag="040"><ns0:subfield code="a">YGM</ns0:subfield><ns0:subfield code="b">eng</ns0:subfield><ns0:subfield code="c">YGM</ns0:subfield><ns0:subfield code="d">NAM</ns0:subfield><ns0:subfield code="d">XBM</ns0:subfield><ns0:subfield code="d">OCLCF</ns0:subfield><ns0:subfield code="d">OCLCQ</ns0:subfield></ns0:datafield><ns0:datafield ind1=" " ind2="4" tag="050"><ns0:subfield code="a">PE1074.7</ns0:subfield><ns0:subfield code="b">G87 2016</ns0:subfield></ns0:datafield><ns0:datafield ind1="1" ind2=" " tag="100"><ns0:subfield code="a">Guptill, Amy E.</ns0:subfield></ns0:datafield><ns0:datafield ind1="1" ind2="0" tag="245"><ns0:subfield code="a">Writing in college</ns0:subfield><ns0:subfield code="b">from competence to excellence /</ns0:subfield><ns0:subfield code="c">Amy Guptill ; with Aly Button ... [et. al.].</ns0:subfield></ns0:datafield><ns0:datafield ind1=" " ind2=" " tag="260"><ns0:subfield code="a">[New York] :</ns0:subfield><ns0:subfield code="b">Open SUNY Textbooks,</ns0:subfield><ns0:subfield code="c">2016.</ns0:subfield></ns0:datafield><ns0:datafield ind1=" " ind2=" " tag="300"><ns0:subfield code="a">1 online resource (85 p.)</ns0:subfield></ns0:datafield><ns0:datafield ind1=" " ind2=" " tag="516"><ns0:subfield code="a">Text (HTML, PDF), electronic book.</ns0:subfield></ns0:datafield><ns0:datafield ind1=" " ind2=" " tag="520"><ns0:subfield code="a">"Writing in College: From Competence to Excellence is designed for students who have largely mastered the conventions of high-school level writing and are now rising to meet more the advanced expectations of college. Students will find in Writing in College a warm invitation to think of themselves as full, self-motivated members of the academic community. With concise explanations, clear multi-disciplinary examples and empathy for the challenges of student life, this short textbook both explains the purposes behind college-level writing and offers indispensable advice for organization and expression."--BC Campus website.</ns0:subfield></ns0:datafield><ns0:datafield ind1=" " ind2=" " tag="588"><ns0:subfield code="a">Description based on online resource; title from pdf title page (viewed on January 29, 2016).</ns0:subfield></ns0:datafield><ns0:datafield ind1=" " ind2="0" tag="650"><ns0:subfield code="a">English language</ns0:subfield><ns0:subfield code="x">Rhetoric</ns0:subfield><ns0:subfield code="v">Handbooks, manuals, etc.</ns0:subfield></ns0:datafield><ns0:datafield ind1=" " ind2="0" tag="650"><ns0:subfield code="a">Report writing</ns0:subfield><ns0:subfield code="v">Handbooks, manuals, etc.</ns0:subfield></ns0:datafield><ns0:datafield ind1=" " ind2="0" tag="650"><ns0:subfield code="a">English language</ns0:subfield><ns0:subfield code="x">Writing</ns0:subfield><ns0:subfield code="v">Textbooks.</ns0:subfield></ns0:datafield><ns0:datafield ind1=" " ind2="0" tag="655"><ns0:subfield code="a">Electronic books.</ns0:subfield></ns0:datafield><ns0:datafield ind1="2" ind2=" " tag="710"><ns0:subfield code="a">Open SUNY Textbooks.</ns0:subfield></ns0:datafield><ns0:datafield ind1="2" ind2=" " tag="710"><ns0:subfield code="a">BC Open Textbook Project.</ns0:subfield></ns0:datafield><ns0:datafield ind1="2" ind2=" " tag="710"><ns0:subfield code="a">BCcampus.</ns0:subfield></ns0:datafield><ns0:datafield ind1="1" ind2=" " tag="700"><ns0:subfield code="a">Button, Aly.</ns0:subfield></ns0:datafield><ns0:datafield ind1="4" ind2="0" tag="856"><ns0:subfield code="3">BC Open Textbook Project.</ns0:subfield><ns0:subfield code="u">https://open.bccampus.ca/find-open-textbooks/?uuid=76589513-9fc0-4b24-a1ad-629d0a0348ac</ns0:subfield></ns0:datafield><ns0:datafield ind1="4" ind2="0" tag="856"><ns0:subfield code="3">BC Open Textbook Project.</ns0:subfield><ns0:subfield code="u">http://solr.bccampus.ca:8001/bcc/file/76589513-9fc0-4b24-a1ad-629d0a0348ac/1/OTB99-01-Writing-in-College.pdf</ns0:subfield><ns0:subfield code="q">pdf</ns0:subfield></ns0:datafield><ns0:datafield ind1="4" ind2="0" tag="856"><ns0:subfield code="3">Open SUNY.</ns0:subfield><ns0:subfield code="u">http://textbooks.opensuny.org/writing-in-college-from-competence-to-excellence/</ns0:subfield></ns0:datafield></ns0:record>