
<ns0:record><ns0:leader>02280cam a2200361 a 4500</ns0:leader>
<ns0:controlfield tag="001">bcotA000144</ns0:controlfield>
<ns0:controlfield tag="005">20160518113224.0</ns0:controlfield><ns0:controlfield tag="006">m        d        </ns0:controlfield><ns0:controlfield tag="007">cr cn ---uuuuu</ns0:controlfield><ns0:controlfield tag="008">160517s2014    txu     o     000 0 eng d</ns0:controlfield><ns0:datafield ind1=" " ind2=" " tag="020"><ns0:subfield code="a">1938168356 (ebook)</ns0:subfield></ns0:datafield><ns0:datafield ind1=" " ind2=" " tag="020"><ns0:subfield code="a">9781938168352</ns0:subfield></ns0:datafield><ns0:datafield ind1=" " ind2=" " tag="035"><ns0:subfield code="a">(OCoLC)900282580</ns0:subfield></ns0:datafield><ns0:datafield ind1=" " ind2=" " tag="037"><ns0:subfield code="b">BCOpenCampus</ns0:subfield><ns0:subfield code="c">CostFree</ns0:subfield><ns0:subfield code="f">FormOnline</ns0:subfield><ns0:subfield code="g">AccessOpen</ns0:subfield></ns0:datafield><ns0:datafield ind1=" " ind2=" " tag="040"><ns0:subfield code="a">NTE</ns0:subfield><ns0:subfield code="b">eng</ns0:subfield><ns0:subfield code="c">NTE</ns0:subfield><ns0:subfield code="d">OKU</ns0:subfield><ns0:subfield code="d">OCLCF</ns0:subfield><ns0:subfield code="d">WHCCD</ns0:subfield><ns0:subfield code="d">OCLCQ</ns0:subfield><ns0:subfield code="d">NTD</ns0:subfield></ns0:datafield><ns0:datafield ind1=" " ind2="4" tag="050"><ns0:subfield code="a">BF121</ns0:subfield><ns0:subfield code="b">S65 2014</ns0:subfield></ns0:datafield><ns0:datafield ind1="0" ind2=" " tag="130"><ns0:subfield code="a">Psychology (OpenStax College)</ns0:subfield></ns0:datafield><ns0:datafield ind1="1" ind2="0" tag="245"><ns0:subfield code="a">Psychology</ns0:subfield><ns0:subfield code="c">[senior content lead, Rose M. Spielman].</ns0:subfield></ns0:datafield><ns0:datafield ind1=" " ind2=" " tag="250"><ns0:subfield code="a">Revision PS-1-000-AS.</ns0:subfield></ns0:datafield><ns0:datafield ind1=" " ind2=" " tag="260"><ns0:subfield code="a">Houston, TX :</ns0:subfield><ns0:subfield code="b">Openstax College,</ns0:subfield><ns0:subfield code="c">2014.</ns0:subfield></ns0:datafield><ns0:datafield ind1=" " ind2=" " tag="300"><ns0:subfield code="a">1 online resource.</ns0:subfield></ns0:datafield><ns0:datafield ind1=" " ind2=" " tag="516"><ns0:subfield code="a">Text (HTML, PDF), electronic book.</ns0:subfield></ns0:datafield><ns0:datafield ind1=" " ind2=" " tag="520"><ns0:subfield code="a">"Published by OpenStax College, Psychology is designed to meet the scope and sequence for the single-semester introduction to psychology course. For many students, this may be their only college-level psychology course. As such, this textbook provides an important opportunity for students to learn the core concepts of psychology and understand how those concepts apply to their lives. The authors strive to make psychology, as a discipline, interesting and accessible to students. A comprehensive coverage of core concepts is grounded in both classic studies and current and emerging research, including coverage of the DSM-5 in discussions of psychological disorders. The text incorporates discussions that reflect the diversity within the discipline, as well as the diversity of cultures and communities across the globe."--BC Campus website.</ns0:subfield></ns0:datafield><ns0:datafield ind1=" " ind2=" " tag="588"><ns0:subfield code="a">Description based on online resource; title from pdf title page (viewed on May 18, 2016).</ns0:subfield></ns0:datafield><ns0:datafield ind1=" " ind2="0" tag="650"><ns0:subfield code="a">Psychology</ns0:subfield><ns0:subfield code="v">Textbooks.</ns0:subfield></ns0:datafield><ns0:datafield ind1=" " ind2="0" tag="655"><ns0:subfield code="a">Electronic books.</ns0:subfield></ns0:datafield><ns0:datafield ind1="1" ind2=" " tag="700"><ns0:subfield code="a">Spielman, Rose M.</ns0:subfield></ns0:datafield><ns0:datafield ind1="2" ind2=" " tag="710"><ns0:subfield code="a">OpenStax College.</ns0:subfield></ns0:datafield><ns0:datafield ind1="2" ind2=" " tag="710"><ns0:subfield code="a">BC Open Textbook Project.</ns0:subfield></ns0:datafield><ns0:datafield ind1="2" ind2=" " tag="710"><ns0:subfield code="a">BCcampus.</ns0:subfield></ns0:datafield><ns0:datafield ind1="4" ind2="0" tag="856"><ns0:subfield code="3">BC Open Textbook Project.</ns0:subfield><ns0:subfield code="u">https://open.bccampus.ca/find-open-textbooks/?uuid=5a5e1cb7-fa6f-4f56-8fdd-5c0fe4b7fbf8</ns0:subfield></ns0:datafield><ns0:datafield ind1="4" ind2="0" tag="856"><ns0:subfield code="3">BC Open Textbook Project.</ns0:subfield><ns0:subfield code="u">http://solr.bccampus.ca:8001/bcc/file/5a5e1cb7-fa6f-4f56-8fdd-5c0fe4b7fbf8/1/Psychology-LR.pdf</ns0:subfield><ns0:subfield code="q">pdf</ns0:subfield></ns0:datafield><ns0:datafield ind1="4" ind2="0" tag="856"><ns0:subfield code="3">OpenStax.</ns0:subfield><ns0:subfield code="u">http://cnx.org/contents/Sr8Ev5Og@5.46:6HoLG-TA@5/Introduction</ns0:subfield></ns0:datafield></ns0:record>