
<ns0:record><ns0:leader>02262cam a2200373 a 4500</ns0:leader>
<ns0:controlfield tag="001">bcotA000146</ns0:controlfield>
<ns0:controlfield tag="005">20160518113238.0</ns0:controlfield><ns0:controlfield tag="006">m        d        </ns0:controlfield><ns0:controlfield tag="007">cr cn ---uuuuu</ns0:controlfield><ns0:controlfield tag="008">160517s2014    txu     o     000 0 eng d</ns0:controlfield><ns0:datafield ind1=" " ind2=" " tag="020"><ns0:subfield code="a">1938168364 (ebook)</ns0:subfield></ns0:datafield><ns0:datafield ind1=" " ind2=" " tag="020"><ns0:subfield code="a">9781938168369</ns0:subfield></ns0:datafield><ns0:datafield ind1=" " ind2=" " tag="035"><ns0:subfield code="a">(OCoLC)900282227</ns0:subfield></ns0:datafield><ns0:datafield ind1=" " ind2=" " tag="037"><ns0:subfield code="b">BCOpenCampus</ns0:subfield><ns0:subfield code="c">CostFree</ns0:subfield><ns0:subfield code="f">FormOnline</ns0:subfield><ns0:subfield code="g">AccessOpen</ns0:subfield></ns0:datafield><ns0:datafield ind1=" " ind2=" " tag="040"><ns0:subfield code="a">NTE</ns0:subfield><ns0:subfield code="b">eng</ns0:subfield><ns0:subfield code="c">NTE</ns0:subfield><ns0:subfield code="d">NTE</ns0:subfield><ns0:subfield code="d">OKU</ns0:subfield><ns0:subfield code="d">OCLCF</ns0:subfield><ns0:subfield code="d">OCLCQ</ns0:subfield><ns0:subfield code="d">CaBSKC</ns0:subfield></ns0:datafield><ns0:datafield ind1=" " ind2=" " tag="043"><ns0:subfield code="a">n-us---</ns0:subfield></ns0:datafield><ns0:datafield ind1=" " ind2="4" tag="050"><ns0:subfield code="a">E178.1</ns0:subfield><ns0:subfield code="b">C67 2014</ns0:subfield></ns0:datafield><ns0:datafield ind1="0" ind2=" " tag="130"><ns0:subfield code="a">U.S. history (OpenStax College)</ns0:subfield></ns0:datafield><ns0:datafield ind1="1" ind2="0" tag="245"><ns0:subfield code="a">U.S. history</ns0:subfield><ns0:subfield code="c">[senior contributing author, P. Scott Corbett ... [et al.]].</ns0:subfield></ns0:datafield><ns0:datafield ind1="3" ind2=" " tag="246"><ns0:subfield code="a">United States history</ns0:subfield></ns0:datafield><ns0:datafield ind1=" " ind2=" " tag="250"><ns0:subfield code="a">Revision UH-1-000-AS.</ns0:subfield></ns0:datafield><ns0:datafield ind1=" " ind2=" " tag="260"><ns0:subfield code="a">Houston, TX :</ns0:subfield><ns0:subfield code="b">Openstax College,</ns0:subfield><ns0:subfield code="c">2014.</ns0:subfield></ns0:datafield><ns0:datafield ind1=" " ind2=" " tag="300"><ns0:subfield code="a">1 online resource  (1052 p.)</ns0:subfield></ns0:datafield><ns0:datafield ind1=" " ind2=" " tag="516"><ns0:subfield code="a">Text (HTML, PDF), electronic book.</ns0:subfield></ns0:datafield><ns0:datafield ind1=" " ind2=" " tag="520"><ns0:subfield code="a">"Published by OpenStax College, U.S. History covers the breadth of the chronological history of the United States and also provides the necessary depth to ensure the course is manageable for instructors and students alike. U.S. History is designed to meet the scope and sequence requirements of most courses. The authors introduce key forces and major developments that together form the American experience, with particular attention paid to considering issues of race, class, and gender. The text provides a balanced approach to U.S. history, considering the people, events, and ideas that have shaped the United States from both the top down (politics, economics, diplomacy) and bottom up (eyewitness accounts, lived experience)."--BC Campus website.</ns0:subfield></ns0:datafield><ns0:datafield ind1=" " ind2=" " tag="588"><ns0:subfield code="a">Description based on online resource; title from pdf title page (viewed on May 18, 2016).</ns0:subfield></ns0:datafield><ns0:datafield ind1=" " ind2="0" tag="651"><ns0:subfield code="a">United States</ns0:subfield><ns0:subfield code="x">History</ns0:subfield><ns0:subfield code="v">Textbooks.</ns0:subfield></ns0:datafield><ns0:datafield ind1=" " ind2="0" tag="655"><ns0:subfield code="a">Electronic books.</ns0:subfield></ns0:datafield><ns0:datafield ind1="2" ind2=" " tag="710"><ns0:subfield code="a">OpenStax College.</ns0:subfield></ns0:datafield><ns0:datafield ind1="2" ind2=" " tag="710"><ns0:subfield code="a">BC Open Textbook Project.</ns0:subfield></ns0:datafield><ns0:datafield ind1="2" ind2=" " tag="710"><ns0:subfield code="a">BCcampus.</ns0:subfield></ns0:datafield><ns0:datafield ind1="4" ind2="0" tag="856"><ns0:subfield code="3">BC Open Textbook Project.</ns0:subfield><ns0:subfield code="u">https://open.bccampus.ca/find-open-textbooks/?uuid=2d9b024e-b97b-4683-969d-97c87f2a9243</ns0:subfield></ns0:datafield><ns0:datafield ind1="4" ind2="0" tag="856"><ns0:subfield code="3">BC Open Textbook Project.</ns0:subfield><ns0:subfield code="u">http://solr.bccampus.ca:8001/bcc/file/2d9b024e-b97b-4683-969d-97c87f2a9243/1/USHistory-LR.pdf</ns0:subfield><ns0:subfield code="q">pdf</ns0:subfield></ns0:datafield><ns0:datafield ind1="4" ind2="0" tag="856"><ns0:subfield code="3">OpenStax.</ns0:subfield><ns0:subfield code="u">http://cnx.org/contents/p7ovuIkl@3.30:gMXC1GEM@3/Introduction</ns0:subfield></ns0:datafield></ns0:record>