
<ns0:record><ns0:leader>02195cam a2200325 a 4500</ns0:leader>
<ns0:controlfield tag="001">bcotA000151</ns0:controlfield>
<ns0:controlfield tag="005">20160518113127.0</ns0:controlfield><ns0:controlfield tag="006">m        d        </ns0:controlfield><ns0:controlfield tag="007">cr cn ---uuuuu</ns0:controlfield><ns0:controlfield tag="008">160517s2016    nyu     o     000 0 eng d</ns0:controlfield><ns0:datafield ind1=" " ind2=" " tag="020"><ns0:subfield code="a">9781942341253 (ebook)</ns0:subfield></ns0:datafield><ns0:datafield ind1=" " ind2=" " tag="035"><ns0:subfield code="a">(OCoLC)944246088</ns0:subfield></ns0:datafield><ns0:datafield ind1=" " ind2=" " tag="037"><ns0:subfield code="b">BCOpenCampus</ns0:subfield><ns0:subfield code="c">CostFree</ns0:subfield><ns0:subfield code="f">FormOnline</ns0:subfield><ns0:subfield code="g">AccessOpen</ns0:subfield></ns0:datafield><ns0:datafield ind1=" " ind2=" " tag="040"><ns0:subfield code="a">YGM</ns0:subfield><ns0:subfield code="b">eng</ns0:subfield><ns0:subfield code="c">YGM</ns0:subfield><ns0:subfield code="d">OCLCF</ns0:subfield><ns0:subfield code="d">CaBSKC</ns0:subfield></ns0:datafield><ns0:datafield ind1=" " ind2="4" tag="050"><ns0:subfield code="a">HF5387</ns0:subfield><ns0:subfield code="b">J56 2016</ns0:subfield></ns0:datafield><ns0:datafield ind1="1" ind2=" " tag="100"><ns0:subfield code="a">Jimenez, Guillermo C.</ns0:subfield></ns0:datafield><ns0:datafield ind1="1" ind2="0" tag="245"><ns0:subfield code="a">Good corporation, bad corporation</ns0:subfield><ns0:subfield code="b">corporate social responsibility in the global economy /</ns0:subfield><ns0:subfield code="c">Guillermo C. Jimenez, Elizabeth Pulos.</ns0:subfield></ns0:datafield><ns0:datafield ind1=" " ind2=" " tag="260"><ns0:subfield code="a">Geneseo, NY :</ns0:subfield><ns0:subfield code="b">Open SUNY Textbooks,</ns0:subfield><ns0:subfield code="c">2016.</ns0:subfield></ns0:datafield><ns0:datafield ind1=" " ind2=" " tag="300"><ns0:subfield code="a">1 online resource (228 p.) </ns0:subfield></ns0:datafield><ns0:datafield ind1=" " ind2=" " tag="516"><ns0:subfield code="a">Text (HTML, PDF), electronic book.</ns0:subfield></ns0:datafield><ns0:datafield ind1=" " ind2=" " tag="520"><ns0:subfield code="a">"This textbook provides an innovative, internationally-oriented approach to the teaching of corporate social responsibility (CSR) and business ethics. Drawing on case studies in- volving companies and countries around the world, the textbook explores the social, ethical and business dynamics underlying CSR in areas such as: global warming, genetically-mod- ified organisms (GMO) in food production, free trade and fair trade, anti-sweatshop and living-wage movements, organic foods and textiles, ethical marketing practices and codes, corporate speech and lobbying, and social enterprise. The book is designed to encourage students and instructors to challenge their own assumptions and prejudices by stimulating a class debate based on each case study."--BC Campus website.</ns0:subfield></ns0:datafield><ns0:datafield ind1=" " ind2=" " tag="588"><ns0:subfield code="a">Description based on online resource; title from pdf title page (viewed on May 18, 2016).</ns0:subfield></ns0:datafield><ns0:datafield ind1=" " ind2="0" tag="650"><ns0:subfield code="a">Business ethics</ns0:subfield><ns0:subfield code="v">Textbooks.</ns0:subfield></ns0:datafield><ns0:datafield ind1=" " ind2="0" tag="655"><ns0:subfield code="a">Electronic books.</ns0:subfield></ns0:datafield><ns0:datafield ind1="2" ind2=" " tag="710"><ns0:subfield code="a">Open SUNY Textbooks.</ns0:subfield></ns0:datafield><ns0:datafield ind1="2" ind2=" " tag="710"><ns0:subfield code="a">BC Open Textbook Project.</ns0:subfield></ns0:datafield><ns0:datafield ind1="2" ind2=" " tag="710"><ns0:subfield code="a">BCcampus.</ns0:subfield></ns0:datafield><ns0:datafield ind1="4" ind2="0" tag="856"><ns0:subfield code="3">BC Open Textbook Project.</ns0:subfield><ns0:subfield code="u">https://open.bccampus.ca/find-open-textbooks/?uuid=70fa0825-d41b-4519-975b-71bc2ea1f704</ns0:subfield></ns0:datafield><ns0:datafield ind1="4" ind2="0" tag="856"><ns0:subfield code="3">BC Open Textbook Project.</ns0:subfield><ns0:subfield code="u">http://solr.bccampus.ca:8001/bcc/file/70fa0825-d41b-4519-975b-71bc2ea1f704/1/Good-Corp-Bad-Corp.pdf</ns0:subfield><ns0:subfield code="q">pdf</ns0:subfield></ns0:datafield><ns0:datafield ind1="4" ind2="0" tag="856"><ns0:subfield code="3">Open SUNY.</ns0:subfield><ns0:subfield code="u">http://pressbooks.opensuny.org/good-corporation-bad-corporation/</ns0:subfield></ns0:datafield></ns0:record>