
<ns0:record><ns0:leader>03221nai a2200361 a 4500</ns0:leader>
<ns0:controlfield tag="001">bcotA000152</ns0:controlfield>
<ns0:controlfield tag="005">20160518114001.0</ns0:controlfield><ns0:controlfield tag="006">m        d        </ns0:controlfield><ns0:controlfield tag="006">g|||        o   vl</ns0:controlfield><ns0:controlfield tag="007">cr cn ---uuuuu</ns0:controlfield><ns0:controlfield tag="008">160602c20119999txuuu w o     0    2eng d</ns0:controlfield><ns0:datafield ind1=" " ind2=" " tag="035"><ns0:subfield code="a">(OCoLC)951067061</ns0:subfield></ns0:datafield><ns0:datafield ind1=" " ind2=" " tag="037"><ns0:subfield code="b">BCOpenCampus</ns0:subfield><ns0:subfield code="c">CostFree</ns0:subfield><ns0:subfield code="f">FormOnline</ns0:subfield><ns0:subfield code="g">AccessOpen</ns0:subfield></ns0:datafield><ns0:datafield ind1=" " ind2=" " tag="040"><ns0:subfield code="a">K6U</ns0:subfield><ns0:subfield code="b">eng</ns0:subfield><ns0:subfield code="c">K6U</ns0:subfield></ns0:datafield><ns0:datafield ind1=" " ind2="4" tag="050"><ns0:subfield code="a">PC2073</ns0:subfield><ns0:subfield code="b">F74 2016</ns0:subfield></ns0:datafield><ns0:datafield ind1="0" ind2=" " tag="130"><ns0:subfield code="a">Français interactif (University of Texas at Austin. Department of French and Italian)</ns0:subfield></ns0:datafield><ns0:datafield ind1="0" ind2="0" tag="245"><ns0:subfield code="a">Français interactif</ns0:subfield><ns0:subfield code="c">University of Texas, Department of French and Italian.</ns0:subfield></ns0:datafield><ns0:datafield ind1=" " ind2=" " tag="250"><ns0:subfield code="a">Third edition.</ns0:subfield></ns0:datafield><ns0:datafield ind1=" " ind2=" " tag="260"><ns0:subfield code="a">[Austin, TX :</ns0:subfield><ns0:subfield code="b">Department of French and Italian, University of Texas at Austin,</ns0:subfield><ns0:subfield code="c">[2011]-</ns0:subfield></ns0:datafield><ns0:datafield ind1=" " ind2=" " tag="300"><ns0:subfield code="a">1 online resource.</ns0:subfield></ns0:datafield><ns0:datafield ind1=" " ind2=" " tag="500"><ns0:subfield code="a">"Français interactif, used increasingly by students,teachers, and institutions throughout the world, iincludes 320 videos, recorded vocabulary lists, phonetic lessons, online grammar lessons (600 pages) with self-correcting exercises and audio dialogues, online grammar tools (verb conjugation reference, verb practice), and diagnostic grammar tests. The accompanying textbook of classroom activities and homework is downloadable from the website in pdf format and available from the online publisher, qoop.com"--Preface.</ns0:subfield></ns0:datafield><ns0:datafield ind1=" " ind2=" " tag="500"><ns0:subfield code="a">"Français interactif was developed at the University of Texas Austin in the Department of French and Italian. It has been funded and created by Liberal Arts Instructional Technology Services at the Univeristy of Texas, and is currently supported by U.S. Department of Education Fund for the Improvement of Post-Secondary Education (FIPSE Grant P116B070251) as an example of the open access initiative"--Preface.</ns0:subfield></ns0:datafield><ns0:datafield ind1=" " ind2=" " tag="516"><ns0:subfield code="a">Interactive web-based multimedia resource.</ns0:subfield></ns0:datafield><ns0:datafield ind1=" " ind2=" " tag="520"><ns0:subfield code="a">"Français interactif, www.laits.utexas.edu/fi, the web-based French program developed and in use at the University of Texas since 2004, and its companion site, Tex's French Grammar (2000) www.laits.utexas.edu/tex/ are open acess sites, free and open multimedia resources, which require neither password nor fees. Français interactif, used increasingly by students, teachers, and institutions throughout the world, includes 320 videos (American students in France, native French interviews, vocabulary and culture presentation videos) recorded vocabulary lists, phonetic lessons, online grammar lessons (600 pages) with self-correcting exercises and audio dialogues, online grammar tools (verb conjugation reference, verb practice), and diagnostic grammar tests."--BC Campus website.</ns0:subfield></ns0:datafield><ns0:datafield ind1=" " ind2=" " tag="588"><ns0:subfield code="a">Description based on textbook pdf; title from title screen (viewed June 2, 2016).</ns0:subfield></ns0:datafield><ns0:datafield ind1=" " ind2="0" tag="650"><ns0:subfield code="a">French language</ns0:subfield><ns0:subfield code="v">Textbooks for foreign speakers</ns0:subfield><ns0:subfield code="x">English.</ns0:subfield></ns0:datafield><ns0:datafield ind1=" " ind2="0" tag="655"><ns0:subfield code="a">Electronic books.</ns0:subfield></ns0:datafield><ns0:datafield ind1="1" ind2=" " tag="710"><ns0:subfield code="a">University of Texas at Austin.</ns0:subfield><ns0:subfield code="b">Department of French and Italian.</ns0:subfield></ns0:datafield><ns0:datafield ind1="1" ind2=" " tag="710"><ns0:subfield code="a">University of Texas at Austin.</ns0:subfield><ns0:subfield code="b">Liberal Arts ITS.</ns0:subfield></ns0:datafield><ns0:datafield ind1="2" ind2=" " tag="710"><ns0:subfield code="a">BC Open Textbook Project.</ns0:subfield></ns0:datafield><ns0:datafield ind1="2" ind2=" " tag="710"><ns0:subfield code="a">BCcampus.</ns0:subfield></ns0:datafield><ns0:datafield ind1="4" ind2="0" tag="856"><ns0:subfield code="3">University of Texas at Austin, LAITS.</ns0:subfield><ns0:subfield code="u">http://www.laits.utexas.edu/fi/</ns0:subfield></ns0:datafield><ns0:datafield ind1="4" ind2="0" tag="856"><ns0:subfield code="3">BC Open Textbook Project.</ns0:subfield><ns0:subfield code="u">https://open.bccampus.ca/find-open-textbooks/?uuid=a8fc64d9-5037-4384-a6dd-6961f2de55e7</ns0:subfield></ns0:datafield></ns0:record>