
<ns0:record><ns0:leader>02316cam a2200325 a 4500</ns0:leader>
<ns0:controlfield tag="001">bcotA000155</ns0:controlfield>
<ns0:controlfield tag="005">20160713135634.0</ns0:controlfield><ns0:controlfield tag="006">m        u        </ns0:controlfield><ns0:controlfield tag="007">cr cn ---uuuuu</ns0:controlfield><ns0:controlfield tag="008">160713s2015    tcu     o     000 0 eng d</ns0:controlfield><ns0:datafield ind1=" " ind2=" " tag="035"><ns0:subfield code="a">(OCoLC)956400307  </ns0:subfield></ns0:datafield><ns0:datafield ind1=" " ind2=" " tag="037"><ns0:subfield code="b">BCOpenCampus</ns0:subfield><ns0:subfield code="c">CostFree</ns0:subfield><ns0:subfield code="f">FormOnline</ns0:subfield><ns0:subfield code="g">AccessOpen</ns0:subfield></ns0:datafield><ns0:datafield ind1=" " ind2=" " tag="040"><ns0:subfield code="a">CN8ML</ns0:subfield><ns0:subfield code="b">eng</ns0:subfield><ns0:subfield code="c">CN8ML</ns0:subfield><ns0:subfield code="d">K6U</ns0:subfield></ns0:datafield><ns0:datafield ind1=" " ind2="4" tag="050"><ns0:subfield code="a">TA168</ns0:subfield><ns0:subfield code="b">B49 2016</ns0:subfield></ns0:datafield><ns0:datafield ind1="1" ind2=" " tag="100"><ns0:subfield code="a">Beyenir, Serhat.</ns0:subfield></ns0:datafield><ns0:datafield ind1="1" ind2="2" tag="245"><ns0:subfield code="a">A brief introduction to engineering computation with MATLAB</ns0:subfield><ns0:subfield code="c">by Serhat Beyenir.</ns0:subfield></ns0:datafield><ns0:datafield ind1=" " ind2=" " tag="260"><ns0:subfield code="a">[Houston, TX] :</ns0:subfield><ns0:subfield code="b">OpenStax-CNX,</ns0:subfield><ns0:subfield code="c">2016.</ns0:subfield></ns0:datafield><ns0:datafield ind1=" " ind2=" " tag="300"><ns0:subfield code="a">1 online resource (166 p.)</ns0:subfield></ns0:datafield><ns0:datafield ind1=" " ind2=" " tag="516"><ns0:subfield code="a">Text (HTML, PDF), electronic book.</ns0:subfield></ns0:datafield><ns0:datafield ind1=" " ind2=" " tag="520"><ns0:subfield code="a">"A Brief Introduction to Engineering Computation with MATLAB is specifically designed for students with no programming experience. However, students are expected to be proficient in First Year Mathematics and Sciences and access to good reference books are highly recommended. Students are assumed to have a working knowledge of the Mac OS X or Microsoft Windows operating systems. The strategic goal of the course and book is to provide learners with an appreciation for the role computation plays in solving engineering problems. MATLAB specific skills that students are expected to be proficient at are: write scripts to solve engineering problems including interpolation, numerical integration and regression analysis, plot graphs to visualize, analyze and present numerical data, and publish reports."--BC Campus website.</ns0:subfield></ns0:datafield><ns0:datafield ind1=" " ind2=" " tag="588"><ns0:subfield code="a">Description based on online resource; title from pdf title page (viewed on July 13, 2016).</ns0:subfield></ns0:datafield><ns0:datafield ind1=" " ind2=" " tag="590"><ns0:subfield code="a">Made available online by BCcampus BC Open Textbook Project.</ns0:subfield></ns0:datafield><ns0:datafield ind1=" " ind2="0" tag="650"><ns0:subfield code="a">Systems engineering</ns0:subfield><ns0:subfield code="v">Textbooks.</ns0:subfield></ns0:datafield><ns0:datafield ind1=" " ind2="0" tag="655"><ns0:subfield code="a">Electronic books.</ns0:subfield></ns0:datafield><ns0:datafield ind1="2" ind2=" " tag="710"><ns0:subfield code="a">OpenStax College.</ns0:subfield></ns0:datafield><ns0:datafield ind1="2" ind2=" " tag="710"><ns0:subfield code="a">BC Open Textbook Project.</ns0:subfield></ns0:datafield><ns0:datafield ind1="2" ind2=" " tag="710"><ns0:subfield code="a">BCcampus.</ns0:subfield></ns0:datafield><ns0:datafield ind1="4" ind2="0" tag="856"><ns0:subfield code="3">BC Open Textbook Project title homepage:</ns0:subfield><ns0:subfield code="u">https://open.bccampus.ca/find-open-textbooks/?uuid=e12e3911-8a06-497e-b8c9-99e347092af0&amp;contributor=&amp;keyword=&amp;subject=</ns0:subfield></ns0:datafield><ns0:datafield ind1="4" ind2="0" tag="856"><ns0:subfield code="3">BC Open Textbook Project PDF file.</ns0:subfield><ns0:subfield code="u">http://solr.bccampus.ca:8001/bcc/file/e12e3911-8a06-497e-b8c9-99e347092af0/1/a-brief-introduction-to-engineering-computation-with-matlab-11.4.pdf</ns0:subfield></ns0:datafield><ns0:datafield ind1="4" ind2="0" tag="856"><ns0:subfield code="3">OpenStax:</ns0:subfield><ns0:subfield code="u"> https://cnx.org/contents/qTr2bTqz@11.4:IZLgFOgb@3/Acknowledgements</ns0:subfield></ns0:datafield></ns0:record>