
<ns0:record><ns0:leader>02452cam a2200325 a 4500</ns0:leader>
<ns0:controlfield tag="001">bcotA000156</ns0:controlfield>
<ns0:controlfield tag="005">20160819110744.0</ns0:controlfield><ns0:controlfield tag="006">m        u        </ns0:controlfield><ns0:controlfield tag="007">cr cn ---uuuuu</ns0:controlfield><ns0:controlfield tag="008">160819s2012    dcu     o     000 0 eng d</ns0:controlfield><ns0:datafield ind1=" " ind2=" " tag="035"><ns0:subfield code="a">(OCoLC)959336725</ns0:subfield></ns0:datafield><ns0:datafield ind1=" " ind2=" " tag="037"><ns0:subfield code="b">BCOpenCampus</ns0:subfield><ns0:subfield code="c">CostFree</ns0:subfield><ns0:subfield code="f">FormOnline</ns0:subfield><ns0:subfield code="g">AccessOpen</ns0:subfield></ns0:datafield><ns0:datafield ind1=" " ind2=" " tag="040"><ns0:subfield code="a">BNM</ns0:subfield><ns0:subfield code="b">eng</ns0:subfield><ns0:subfield code="d">CaBSKC</ns0:subfield></ns0:datafield><ns0:datafield ind1=" " ind2="4" tag="050"><ns0:subfield code="a">HF5415.1265</ns0:subfield><ns0:subfield code="b">S76 2012</ns0:subfield></ns0:datafield><ns0:datafield ind1="1" ind2=" " tag="100"><ns0:subfield code="a">Stokes, Rob.</ns0:subfield></ns0:datafield><ns0:datafield ind1="1" ind2="0" tag="245"><ns0:subfield code="a">eMarketing</ns0:subfield><ns0:subfield code="b">the essential guide to online marketing /</ns0:subfield><ns0:subfield code="c">Rob Stokes.</ns0:subfield></ns0:datafield><ns0:datafield ind1=" " ind2=" " tag="260"><ns0:subfield code="a">[Washington, DC] :</ns0:subfield><ns0:subfield code="b">Saylor Academy,</ns0:subfield><ns0:subfield code="c">2012.</ns0:subfield></ns0:datafield><ns0:datafield ind1=" " ind2=" " tag="300"><ns0:subfield code="a">1 online resource (492 p.)</ns0:subfield></ns0:datafield><ns0:datafield ind1=" " ind2=" " tag="516"><ns0:subfield code="a">Text (HTML, PDF), electronic book.</ns0:subfield></ns0:datafield><ns0:datafield ind1=" " ind2=" " tag="520"><ns0:subfield code="a">"eMarketing: The Essential Guide to Online Marketing is a textbook intended for third and fourth year marketing students and draws on both academic theory and practical experience. The book offers students information that is applicable to the eMarket industry by providing examples that are easily relatable. The book covers all of the important aspects of online marketing, including the areas associated with search engine marketing, affiliate marketing, web analytics and conversion optimisation, web development, online copywriting, online advertising, webPR, online reputation management, pay per click advertising, viral marketing, social media marketing, search engine optimisation, eMarketing strategy, market research, mobile marketing, crowd sourcing, and customer relationship management. The book also features summaries, learning objectives and discussion points for each chapter, as well as, a glossary and index."--BC Campus website.</ns0:subfield></ns0:datafield><ns0:datafield ind1=" " ind2=" " tag="590"><ns0:subfield code="a">Made available online by BCcampus BC Open Textbook Project.</ns0:subfield></ns0:datafield><ns0:datafield ind1=" " ind2=" " tag="588"><ns0:subfield code="a">Description based on online resource; title from pdf title page (viewed on August 19, 2016).</ns0:subfield></ns0:datafield><ns0:datafield ind1=" " ind2="0" tag="650"><ns0:subfield code="a">Internet marketing</ns0:subfield><ns0:subfield code="v">Textbooks.</ns0:subfield></ns0:datafield><ns0:datafield ind1=" " ind2="0" tag="655"><ns0:subfield code="a">Electronic books.</ns0:subfield></ns0:datafield><ns0:datafield ind1="2" ind2=" " tag="710"><ns0:subfield code="a">Saylor Academy.</ns0:subfield></ns0:datafield><ns0:datafield ind1="2" ind2=" " tag="710"><ns0:subfield code="a">BC Open Textbook Project.</ns0:subfield></ns0:datafield><ns0:datafield ind1="2" ind2=" " tag="710"><ns0:subfield code="a">BCcampus.</ns0:subfield></ns0:datafield><ns0:datafield ind1="4" ind2="0" tag="856"><ns0:subfield code="3">Saylor Academy:</ns0:subfield><ns0:subfield code="u">https://saylordotorg.github.io/text_emarketing-the-essential-guide-to-online-marketing/</ns0:subfield></ns0:datafield><ns0:datafield ind1="4" ind2="0" tag="856"><ns0:subfield code="3">BC Open Textbook Project title homepage:</ns0:subfield><ns0:subfield code="u">https://open.bccampus.ca/find-open-textbooks/?uuid=65ed5b9b-a7dc-4e73-ae37-76e23e04ee46&amp;contributor=&amp;keyword=&amp;subject=</ns0:subfield></ns0:datafield><ns0:datafield ind1="4" ind2="0" tag="856"><ns0:subfield code="3">BC Open Textbook Project PDF file.</ns0:subfield><ns0:subfield code="u">http://solr.bccampus.ca:8001/bcc/file/65ed5b9b-a7dc-4e73-ae37-76e23e04ee46/1/eMarketing%20-%20The%20Essential%20Guide%20to%20Online%20Marketing.pdf</ns0:subfield></ns0:datafield></ns0:record>