
<ns0:record><ns0:leader>02849nai a2200493Ia 4500</ns0:leader>
<ns0:controlfield tag="001">bcotA000158</ns0:controlfield>
<ns0:controlfield tag="005">20161121180153.0</ns0:controlfield><ns0:controlfield tag="006">m    eo  d        </ns0:controlfield><ns0:controlfield tag="007">cr cn|||||||||</ns0:controlfield><ns0:controlfield tag="008">150616c20159999txu x woo     0   a2eng d</ns0:controlfield><ns0:datafield ind1=" " ind2=" " tag="040"><ns0:subfield code="a">OKU</ns0:subfield><ns0:subfield code="b">eng</ns0:subfield><ns0:subfield code="c">OKU</ns0:subfield><ns0:subfield code="d">CaBSKC</ns0:subfield></ns0:datafield><ns0:datafield ind1=" " ind2=" " tag="020"><ns0:subfield code="a">9781938168413</ns0:subfield></ns0:datafield><ns0:datafield ind1=" " ind2=" " tag="020"><ns0:subfield code="a">1938168410</ns0:subfield></ns0:datafield><ns0:datafield ind1=" " ind2=" " tag="035"><ns0:subfield code="a">(OCoLC)911062653</ns0:subfield></ns0:datafield><ns0:datafield ind1=" " ind2="4" tag="050"><ns0:subfield code="a">HM586</ns0:subfield><ns0:subfield code="b">.K45 2015</ns0:subfield></ns0:datafield><ns0:datafield ind1="1" ind2=" " tag="100"><ns0:subfield code="a">Keirns, Nathan J.</ns0:subfield></ns0:datafield><ns0:datafield ind1="1" ind2="0" tag="245"><ns0:subfield code="a">Introduction to sociology</ns0:subfield></ns0:datafield><ns0:datafield ind1=" " ind2=" " tag="250"><ns0:subfield code="a">2e.</ns0:subfield></ns0:datafield><ns0:datafield ind1=" " ind2=" " tag="260"><ns0:subfield code="a">Houston, Texas :</ns0:subfield><ns0:subfield code="b">OpenStax College, Rice University,</ns0:subfield><ns0:subfield code="c">[2015]-</ns0:subfield></ns0:datafield><ns0:datafield ind1=" " ind2=" " tag="300"><ns0:subfield code="a">1 online resource (513 p.) :</ns0:subfield><ns0:subfield code="b">col. ill.</ns0:subfield></ns0:datafield><ns0:datafield ind1=" " ind2=" " tag="310"><ns0:subfield code="a">Updated irregularly.</ns0:subfield></ns0:datafield><ns0:datafield ind1="1" ind2=" " tag="362"><ns0:subfield code="a">Original version (ITS2-1-000-AS) released April 24, 2015.</ns0:subfield></ns0:datafield><ns0:datafield ind1=" " ind2=" " tag="500"><ns0:subfield code="a">"Faculty contributors [to the 2nd edition], Nathan Keirns, Eric Strayer, Heather Griffiths, Sally Vyain, Jeff Bry"--Page 3.</ns0:subfield></ns0:datafield><ns0:datafield ind1=" " ind2=" " tag="500"><ns0:subfield code="a">Resource simultaneously available in high- and low-resolution PDF files and direct-access HTML version.</ns0:subfield></ns0:datafield><ns0:datafield ind1=" " ind2=" " tag="504"><ns0:subfield code="a">Includes bibliographical references and index.</ns0:subfield></ns0:datafield><ns0:datafield ind1="0" ind2=" " tag="505"><ns0:subfield code="a">An introduction to sociology -- Sociological research -- Culture -- Society and social interaction -- Socialization -- Groups and organization -- Deviance, crime, and social control -- Media and technology -- Social stratification in the United States -- Global inequality -- Race and ethnicity -- Gender, sex, and sexuality -- Aging and the elderly -- Marriage and family -- Religion -- Education -- Government and politics -- Work and the economy -- Health and medicine -- Population, urbanization, and the environment -- Social movements and social change.</ns0:subfield></ns0:datafield><ns0:datafield ind1=" " ind2=" " tag="516"><ns0:subfield code="a">Text (HTML, PDF), electronic book.</ns0:subfield></ns0:datafield><ns0:datafield ind1=" " ind2=" " tag="520"><ns0:subfield code="a">"This text is intended for a one-semester introductory course."--Page 1.</ns0:subfield></ns0:datafield><ns0:datafield ind1=" " ind2=" " tag="588"><ns0:subfield code="a">Description based on low-resolution PDF file (revision ITS2-1-000-AS, released April 24, 2015; viewed June 16, 2015); title from title page of low-resolution PDF file.</ns0:subfield></ns0:datafield><ns0:datafield ind1=" " ind2=" " tag="590"><ns0:subfield code="a">Made available online by BCcampus BC Open Textbook Project.</ns0:subfield></ns0:datafield><ns0:datafield ind1=" " ind2="0" tag="650"><ns0:subfield code="a">Sociology</ns0:subfield><ns0:subfield code="v">Textbooks.</ns0:subfield></ns0:datafield><ns0:datafield ind1=" " ind2="7" tag="650"><ns0:subfield code="a">Sociology.</ns0:subfield><ns0:subfield code="2">fast</ns0:subfield><ns0:subfield code="0">(OCoLC)fst01123875</ns0:subfield></ns0:datafield><ns0:datafield ind1=" " ind2="0" tag="655"><ns0:subfield code="a">Electronic books.</ns0:subfield></ns0:datafield><ns0:datafield ind1=" " ind2="7" tag="655"><ns0:subfield code="a">Textbooks.</ns0:subfield><ns0:subfield code="2">fast</ns0:subfield><ns0:subfield code="0">(OCoLC)fst01423863</ns0:subfield></ns0:datafield><ns0:datafield ind1="1" ind2=" " tag="700"><ns0:subfield code="a">Strayer, Eric.</ns0:subfield></ns0:datafield><ns0:datafield ind1="1" ind2=" " tag="700"><ns0:subfield code="a">Griffiths, Heather,</ns0:subfield><ns0:subfield code="d">1979-</ns0:subfield></ns0:datafield><ns0:datafield ind1="1" ind2=" " tag="700"><ns0:subfield code="a">Vyain, Sally.</ns0:subfield></ns0:datafield><ns0:datafield ind1="1" ind2=" " tag="700"><ns0:subfield code="a">Bry, Jeff D.</ns0:subfield></ns0:datafield><ns0:datafield ind1="2" ind2=" " tag="710"><ns0:subfield code="a">OpenStax College.</ns0:subfield></ns0:datafield><ns0:datafield ind1="2" ind2=" " tag="710"><ns0:subfield code="a">BC Open Textbook Project.</ns0:subfield></ns0:datafield><ns0:datafield ind1="2" ind2=" " tag="710"><ns0:subfield code="a">BCcampus.</ns0:subfield></ns0:datafield><ns0:datafield ind1="4" ind2="0" tag="856"><ns0:subfield code="3">BC Open Textbook Project title homepage:</ns0:subfield><ns0:subfield code="u">https://open.bccampus.ca/find-open-textbooks/?uuid=1e1ef766-0291-4810-b328-c2b212ae92b5&amp;contributor=&amp;keyword=&amp;subject=</ns0:subfield></ns0:datafield><ns0:datafield ind1="4" ind2="0" tag="856"><ns0:subfield code="3">BC Open Textbook Project PDF file.</ns0:subfield><ns0:subfield code="u">http://solr.bccampus.ca:8001/bcc/file/1e1ef766-0291-4810-b328-c2b212ae92b5/1/introduction-to-sociology-2e-6.20.pdf</ns0:subfield></ns0:datafield><ns0:datafield ind1="4" ind2="0" tag="856"><ns0:subfield code="3">OpenStax College:</ns0:subfield><ns0:subfield code="u">http://openstaxcollege.org/textbooks/introduction-to-sociology-2e</ns0:subfield></ns0:datafield></ns0:record>