
<ns0:record><ns0:leader>02448cai a2200373Ia 4500</ns0:leader>
<ns0:controlfield tag="001">bcotA000161</ns0:controlfield>
<ns0:controlfield tag="005">20160926111350.0</ns0:controlfield><ns0:controlfield tag="006">m     o  d        </ns0:controlfield><ns0:controlfield tag="007">cr mn|||||||||</ns0:controlfield><ns0:controlfield tag="008">160831c20169999vauuu   o b   0    2eng d</ns0:controlfield><ns0:datafield ind1=" " ind2=" " tag="040"><ns0:subfield code="a">COF</ns0:subfield><ns0:subfield code="b">eng</ns0:subfield><ns0:subfield code="c">COF</ns0:subfield><ns0:subfield code="d">OCLCF</ns0:subfield><ns0:subfield code="d">K6U</ns0:subfield></ns0:datafield><ns0:datafield ind1=" " ind2=" " tag="035"><ns0:subfield code="a">(OCoLC)957556469</ns0:subfield></ns0:datafield><ns0:datafield ind1=" " ind2="4" tag="050"><ns0:subfield code="a">HF1008</ns0:subfield><ns0:subfield code="b">.S57eb</ns0:subfield></ns0:datafield><ns0:datafield ind1="1" ind2=" " tag="100"><ns0:subfield code="a">Skripak, Stephen J.</ns0:subfield></ns0:datafield><ns0:datafield ind1="1" ind2="0" tag="245"><ns0:subfield code="a">Fundamentals of business</ns0:subfield><ns0:subfield code="c">by Stephen J. Skripak.</ns0:subfield></ns0:datafield><ns0:datafield ind1=" " ind2=" " tag="260"><ns0:subfield code="a">Blacksburg, Virginia :</ns0:subfield><ns0:subfield code="b">Pamplin College of Business and Virginia Tech Libraries, Virginia Tech,</ns0:subfield><ns0:subfield code="c">2016-</ns0:subfield></ns0:datafield><ns0:datafield ind1=" " ind2=" " tag="300"><ns0:subfield code="a">1 online resource :</ns0:subfield><ns0:subfield code="b">illustrations (chiefly colour)</ns0:subfield></ns0:datafield><ns0:datafield ind1=" " ind2=" " tag="310"><ns0:subfield code="a">Updated irregularly.</ns0:subfield></ns0:datafield><ns0:datafield ind1=" " ind2=" " tag="504"><ns0:subfield code="a">Includes bibliographical references.</ns0:subfield></ns0:datafield><ns0:datafield ind1=" " ind2=" " tag="500"><ns0:subfield code="a">"This work, excluding Chapter 15, is licensed with a Creative Commons Attribution-Non-Commercial-ShareAlike 3.0 license https://creativecommons.org/licenses/by-nc-sa/3.0/us/. Chapter 15 of this work is licensed with a Creative Commons Attribution 4.0 International https://creativecommons.org/licenses/by/4.0 license."--title page verso.</ns0:subfield></ns0:datafield><ns0:datafield ind1=" " ind2=" " tag="516"><ns0:subfield code="a">Text (HTML, PDF), electronic book.</ns0:subfield></ns0:datafield><ns0:datafield ind1=" " ind2=" " tag="520"><ns0:subfield code="a">"Fundamentals of Business (2016) is an openly licensed textbook designed for use in Virginia Tech’s Pamplin College of Business introductory level business course, MGT1984 Foundations of Business. This work is a project of University Libraries and the Pamplin College of Business, Virginia Tech."--Open Textbook Library.</ns0:subfield></ns0:datafield><ns0:datafield ind1=" " ind2=" " tag="588"><ns0:subfield code="a">Description based on online version, 2016 edition; Title from PDF (viewed on August 31, 2016)</ns0:subfield></ns0:datafield><ns0:datafield ind1=" " ind2=" " tag="590"><ns0:subfield code="a">Made available online by BCcampus BC Open Textbook Project.</ns0:subfield></ns0:datafield><ns0:datafield ind1=" " ind2="0" tag="650"><ns0:subfield code="a">Business.</ns0:subfield></ns0:datafield><ns0:datafield ind1=" " ind2="0" tag="655"><ns0:subfield code="a">Electronic books.</ns0:subfield></ns0:datafield><ns0:datafield ind1="2" ind2=" " tag="710"><ns0:subfield code="a">Pamplin College of Business (Virginia Polytechnic Institute and State University),</ns0:subfield><ns0:subfield code="e">issuing body</ns0:subfield></ns0:datafield><ns0:datafield ind1="2" ind2=" " tag="710"><ns0:subfield code="a">Virginia Polytechnic Institute and State University.</ns0:subfield><ns0:subfield code="b">University Libraries,</ns0:subfield><ns0:subfield code="e">issuing body</ns0:subfield></ns0:datafield><ns0:datafield ind1="2" ind2=" " tag="710"><ns0:subfield code="a">Open Textbook Library.</ns0:subfield></ns0:datafield><ns0:datafield ind1="2" ind2=" " tag="710"><ns0:subfield code="a">BC Open Textbook Project.</ns0:subfield></ns0:datafield><ns0:datafield ind1="2" ind2=" " tag="710"><ns0:subfield code="a">BCcampus.</ns0:subfield></ns0:datafield><ns0:datafield ind1="4" ind2="0" tag="856"><ns0:subfield code="3">BC Open Textbook Project title homepage:</ns0:subfield><ns0:subfield code="u">https://open.bccampus.ca/find-open-textbooks/?uuid=ecd711cd-2008-4ff2-b850-a9fab31a4309&amp;contributor=&amp;keyword=&amp;subject=</ns0:subfield></ns0:datafield><ns0:datafield ind1="4" ind2="0" tag="856"><ns0:subfield code="3">BC Open Textbook Project PDF file:</ns0:subfield><ns0:subfield code="u">http://solr.bccampus.ca:8001/bcc/file/ecd711cd-2008-4ff2-b850-a9fab31a4309/1/Fundamentals%20of%20Business%20%28complete%29.pdf</ns0:subfield></ns0:datafield><ns0:datafield ind1="4" ind2="0" tag="856"><ns0:subfield code="3">Open Textbook Library:</ns0:subfield><ns0:subfield code="u">https://open.umn.edu/opentextbooks/BookDetail.aspx?bookId=319</ns0:subfield></ns0:datafield></ns0:record>