
<ns0:record><ns0:leader>04036cai a2200493Ia 4500</ns0:leader>
<ns0:controlfield tag="001">bcotA000166</ns0:controlfield>
<ns0:controlfield tag="005">20160926115235.0</ns0:controlfield><ns0:controlfield tag="006">m     o  d        </ns0:controlfield><ns0:controlfield tag="007">cr an|||||||||</ns0:controlfield><ns0:controlfield tag="008">160726c20169999nyuuu   o b  s0    2eng d</ns0:controlfield><ns0:datafield ind1=" " ind2=" " tag="040"><ns0:subfield code="a">COF</ns0:subfield><ns0:subfield code="b">eng</ns0:subfield><ns0:subfield code="c">COF</ns0:subfield><ns0:subfield code="d">OCLCO</ns0:subfield><ns0:subfield code="d">ORU</ns0:subfield><ns0:subfield code="d">OCLCO</ns0:subfield><ns0:subfield code="d">OCL</ns0:subfield><ns0:subfield code="d">OCLCO</ns0:subfield></ns0:datafield><ns0:datafield ind1=" " ind2=" " tag="020"><ns0:subfield code="a">9781942341284</ns0:subfield></ns0:datafield><ns0:datafield ind1=" " ind2=" " tag="020"><ns0:subfield code="a">1942341288</ns0:subfield></ns0:datafield><ns0:datafield ind1=" " ind2=" " tag="020"><ns0:subfield code="a">9781942341215</ns0:subfield><ns0:subfield code="q">ebook</ns0:subfield></ns0:datafield><ns0:datafield ind1=" " ind2=" " tag="020"><ns0:subfield code="a">1942341210</ns0:subfield><ns0:subfield code="q">ebook</ns0:subfield></ns0:datafield><ns0:datafield ind1=" " ind2=" " tag="035"><ns0:subfield code="a">(OCoLC)953999340</ns0:subfield></ns0:datafield><ns0:datafield ind1=" " ind2="4" tag="050"><ns0:subfield code="a">GN307.7|b.T66eb</ns0:subfield></ns0:datafield><ns0:datafield ind1="1" ind2=" " tag="100"><ns0:subfield code="a">Tombro, Melissa.</ns0:subfield></ns0:datafield><ns0:datafield ind1="1" ind2="0" tag="245"><ns0:subfield code="a">Teaching autoethnography</ns0:subfield><ns0:subfield code="b">personal writing in the classroom /</ns0:subfield><ns0:subfield code="c">Melissa Tombro.</ns0:subfield></ns0:datafield><ns0:datafield ind1="3" ind2="0" tag="246"><ns0:subfield code="a">Personal writing in the classroom</ns0:subfield></ns0:datafield><ns0:datafield ind1=" " ind2=" " tag="260"><ns0:subfield code="a">Geneseo, NY :</ns0:subfield><ns0:subfield code="b">Published by Open SUNY Textbooks, Milne Library (IITG PI), State University of New York at Geneseo,</ns0:subfield><ns0:subfield code="c">[2016]-</ns0:subfield></ns0:datafield><ns0:datafield ind1=" " ind2=" " tag="300"><ns0:subfield code="a">1 online resource</ns0:subfield></ns0:datafield><ns0:datafield ind1=" " ind2=" " tag="310"><ns0:subfield code="a">Updated irregularly.</ns0:subfield></ns0:datafield><ns0:datafield ind1=" " ind2=" " tag="500"><ns0:subfield code="a">Teaching Autoethnography: Personal Writing in the Classroom by Melissa Tombro is licensed under a Creative Commons Attribution-NonCommercial-ShareAlike 4.0 International License, except where otherwise noted.--title page verso.</ns0:subfield></ns0:datafield><ns0:datafield ind1=" " ind2=" " tag="504"><ns0:subfield code="a">Includes bibliographical references.</ns0:subfield></ns0:datafield><ns0:datafield ind1=" " ind2=" " tag="516"><ns0:subfield code="a">Text (HTML, PDF), electronic book.</ns0:subfield></ns0:datafield><ns0:datafield ind1=" " ind2=" " tag="520"><ns0:subfield code="a">"Teaching Autoethnography: Personal Writing in the Classroom is dedicated to the practice of immersive ethnographic and autoethnographic writing that encourages authors to participate in the communities about which they write. This book draws not only on critical qualitative inquiry methods such as interview and observation, but also on theories and sensibilities from creative writing and performance studies, which encourage self-reflection and narrative composition. Concepts from qualitative inquiry studies, which examine everyday life, are combined with approaches to the creation of character and scene to help writers develop engaging narratives that examine chosen subcultures and the author’s position in relation to her research subjects. The book brings together a brief history of first-person qualitative research and writing from the past forty years, examining the evolution of nonfiction and qualitative approaches in relation to the personal essay. A selection of recent student writing in the genre as well as reflective student essays on the experience of conducting research in the classroom is presented in the context of exercises for coursework and beyond. Also explored in detail are guidelines for interviewing and identifying subjects and techniques for creating informed sketches and images that engage the reader. This book provides approaches anyone can use to explore their communities and write about them first-hand. The methods presented can be used for a single assignment in a larger course or to guide an entire semester through many levels and varieties of informed personal writing."--Open Textbook Library.</ns0:subfield></ns0:datafield><ns0:datafield ind1=" " ind2=" " tag="588"><ns0:subfield code="a">Description based on online version, v. 0.1, 2016; Title from PDF (viewed on July 26, 2016)</ns0:subfield></ns0:datafield><ns0:datafield ind1=" " ind2=" " tag="590"><ns0:subfield code="a">Made available online by BCcampus BC Open Textbook Project.</ns0:subfield></ns0:datafield><ns0:datafield ind1=" " ind2="0" tag="650"><ns0:subfield code="a">Ethnology</ns0:subfield><ns0:subfield code="x">Authorship.</ns0:subfield></ns0:datafield><ns0:datafield ind1=" " ind2="0" tag="650"><ns0:subfield code="a">Ethnology</ns0:subfield><ns0:subfield code="x">Research.</ns0:subfield></ns0:datafield><ns0:datafield ind1=" " ind2="0" tag="650"><ns0:subfield code="a">Academic writing.</ns0:subfield></ns0:datafield><ns0:datafield ind1=" " ind2="7" tag="650"><ns0:subfield code="a">Academic writing.</ns0:subfield><ns0:subfield code="2">fast</ns0:subfield><ns0:subfield code="0">(OCoLC)fst00795090</ns0:subfield></ns0:datafield><ns0:datafield ind1=" " ind2="7" tag="650"><ns0:subfield code="a">Ethnology</ns0:subfield><ns0:subfield code="x">Authorship.</ns0:subfield><ns0:subfield code="2">fast</ns0:subfield><ns0:subfield code="0">(OCoLC)fst00916109</ns0:subfield></ns0:datafield><ns0:datafield ind1=" " ind2="7" tag="650"><ns0:subfield code="a">Ethnology</ns0:subfield><ns0:subfield code="x">Research.</ns0:subfield><ns0:subfield code="2">fast</ns0:subfield><ns0:subfield code="0">(OCoLC)fst00916155</ns0:subfield></ns0:datafield><ns0:datafield ind1=" " ind2="0" tag="655"><ns0:subfield code="a">Electronic books.</ns0:subfield></ns0:datafield><ns0:datafield ind1=" " ind2="7" tag="655"><ns0:subfield code="a">Textbooks</ns0:subfield><ns0:subfield code="2">fast</ns0:subfield><ns0:subfield code="0">(OCoLC)fst01423863</ns0:subfield></ns0:datafield><ns0:datafield ind1=" " ind2="7" tag="655"><ns0:subfield code="a">Textbooks.</ns0:subfield><ns0:subfield code="2">lcgft</ns0:subfield></ns0:datafield><ns0:datafield ind1="2" ind2=" " tag="710"><ns0:subfield code="a">Open SUNY Textbooks.</ns0:subfield></ns0:datafield><ns0:datafield ind1="2" ind2=" " tag="710"><ns0:subfield code="a">BC Open Textbook Project.</ns0:subfield></ns0:datafield><ns0:datafield ind1="2" ind2=" " tag="710"><ns0:subfield code="a">BCcampus.</ns0:subfield></ns0:datafield><ns0:datafield ind1="4" ind2="0" tag="856"><ns0:subfield code="3">BC Open Textbook Project title homepage:</ns0:subfield><ns0:subfield code="u">https://open.bccampus.ca/find-open-textbooks/?uuid=ff7f2ffd-22dc-405b-aa36-3ca4a267eee2&amp;contributor=&amp;keyword=&amp;subject=</ns0:subfield></ns0:datafield><ns0:datafield ind1="4" ind2="0" tag="856"><ns0:subfield code="3">BC Open Textbook Project PDF file.</ns0:subfield><ns0:subfield code="u">http://solr.bccampus.ca:8001/bcc/file/ff7f2ffd-22dc-405b-aa36-3ca4a267eee2/1/Teaching-Autoethnography-Personal-Writing-in-the-Classroom-1468852425.pdf</ns0:subfield></ns0:datafield><ns0:datafield ind1="4" ind2="0" tag="856"><ns0:subfield code="u">https://open.umn.edu/opentextbooks/BookDetail.aspx?bookId=263</ns0:subfield><ns0:subfield code="3">Open Textbook Library</ns0:subfield></ns0:datafield></ns0:record>