
<ns0:record><ns0:leader>02289cam a2200325 a 4500</ns0:leader>
<ns0:controlfield tag="001">bcotA000167</ns0:controlfield>
<ns0:controlfield tag="005">20161024124834.0</ns0:controlfield><ns0:controlfield tag="006">m        u        </ns0:controlfield><ns0:controlfield tag="007">cr cn ---uuuuu</ns0:controlfield><ns0:controlfield tag="008">161024s2016    ohu     o     000 0 eng d</ns0:controlfield><ns0:datafield ind1=" " ind2=" " tag="035"><ns0:subfield code="a">(OCoLC) 959619164 </ns0:subfield></ns0:datafield><ns0:datafield ind1=" " ind2=" " tag="037"><ns0:subfield code="b">BCOpenCampus</ns0:subfield><ns0:subfield code="c">CostFree</ns0:subfield><ns0:subfield code="f">FormOnline</ns0:subfield><ns0:subfield code="g">AccessOpen</ns0:subfield></ns0:datafield><ns0:datafield ind1=" " ind2=" " tag="040"><ns0:subfield code="a">COF</ns0:subfield><ns0:subfield code="b">eng</ns0:subfield><ns0:subfield code="c">COF</ns0:subfield><ns0:subfield code="d">K6U</ns0:subfield></ns0:datafield><ns0:datafield ind1=" " ind2="4" tag="050"><ns0:subfield code="a">HF5718</ns0:subfield><ns0:subfield code="b">R63 2016</ns0:subfield></ns0:datafield><ns0:datafield ind1="1" ind2=" " tag="100"><ns0:subfield code="a">Roberts, Jasmine.</ns0:subfield></ns0:datafield><ns0:datafield ind1="1" ind2="0" tag="245"><ns0:subfield code="a">Writing for strategic communication industries</ns0:subfield><ns0:subfield code="c">Jasmine Roberts.</ns0:subfield></ns0:datafield><ns0:datafield ind1=" " ind2=" " tag="260"><ns0:subfield code="a">Columbus, OH :</ns0:subfield><ns0:subfield code="b">Ohio State University,</ns0:subfield><ns0:subfield code="c">[2016].</ns0:subfield></ns0:datafield><ns0:datafield ind1=" " ind2=" " tag="300"><ns0:subfield code="a">1 online resource (117 p.)</ns0:subfield></ns0:datafield><ns0:datafield ind1=" " ind2=" " tag="516"><ns0:subfield code="a">Text (HTML, PDF), electronic book.</ns0:subfield></ns0:datafield><ns0:datafield ind1=" " ind2=" " tag="520"><ns0:subfield code="a">"Good writing skills are important in today's competitive work environment. This is especially the case for communication-related professions such as public relations, brand communication, journalism, and marketing. Writing for Strategic Communication Industries emphasizes practical application of academic inquiry to help readers improve their writing skills. This book has straightforward chapters that use real-world examples to illustrate key points. It discusses different writing styles and techniques and provides examples of communication materials such as press releases, creative briefs, feature articles, and more. It includes embedded videos of insights from communication professionals, tips on pitching to the media, and a collection of popular sources for further explanation."--BC Campus website.</ns0:subfield></ns0:datafield><ns0:datafield ind1=" " ind2=" " tag="588"><ns0:subfield code="a">Description based on online resource; title from pdf title page (viewed on October 24, 2016).</ns0:subfield></ns0:datafield><ns0:datafield ind1=" " ind2=" " tag="590"><ns0:subfield code="a">Made available online by BCcampus BC Open Textbook Project.</ns0:subfield></ns0:datafield><ns0:datafield ind1=" " ind2="0" tag="650"><ns0:subfield code="a">Business communication</ns0:subfield><ns0:subfield code="v">Textbooks.</ns0:subfield></ns0:datafield><ns0:datafield ind1=" " ind2="0" tag="655"><ns0:subfield code="a">Electronic books.</ns0:subfield></ns0:datafield><ns0:datafield ind1="2" ind2=" " tag="710"><ns0:subfield code="a">Ohio State University.</ns0:subfield></ns0:datafield><ns0:datafield ind1="2" ind2=" " tag="710"><ns0:subfield code="a">BC Open Textbook Project.</ns0:subfield></ns0:datafield><ns0:datafield ind1="2" ind2=" " tag="710"><ns0:subfield code="a">BCcampus.</ns0:subfield></ns0:datafield><ns0:datafield ind1="4" ind2="0" tag="856"><ns0:subfield code="3">BC Open Textbook Project title homepage:</ns0:subfield><ns0:subfield code="u">https://open.bccampus.ca/find-open-textbooks/?uuid=cb278124-0378-4dc4-87f3-a0bb635a24c9&amp;contributor=&amp;keyword=&amp;subject=</ns0:subfield></ns0:datafield><ns0:datafield ind1="4" ind2="0" tag="856"><ns0:subfield code="3">BC Open Textbook Project PDF file.</ns0:subfield><ns0:subfield code="u">http://solr.bccampus.ca:8001/bcc/file/cb278124-0378-4dc4-87f3-a0bb635a24c9/1/Writing-for-Strategic-Communication-Industries-1474040746.pdf</ns0:subfield></ns0:datafield><ns0:datafield ind1="4" ind2="0" tag="856"><ns0:subfield code="3">Ohio State University:</ns0:subfield><ns0:subfield code="u">https://osu.pb.unizin.org/stratcommwriting/</ns0:subfield></ns0:datafield></ns0:record>