
<ns0:record><ns0:leader>03033cai a2200409Ia 4500</ns0:leader>
<ns0:controlfield tag="001">bcotA000168</ns0:controlfield>
<ns0:controlfield tag="005">20161122171122.0</ns0:controlfield><ns0:controlfield tag="006">m     o  d        </ns0:controlfield><ns0:controlfield tag="007">cr mn|||||||||</ns0:controlfield><ns0:controlfield tag="008">160705c20159999mnuuu   o b   0    2eng d</ns0:controlfield><ns0:datafield ind1=" " ind2=" " tag="040"><ns0:subfield code="a">COF</ns0:subfield><ns0:subfield code="b">eng</ns0:subfield><ns0:subfield code="c">COF</ns0:subfield><ns0:subfield code="d">COF</ns0:subfield><ns0:subfield code="d">OCLCF</ns0:subfield><ns0:subfield code="d">ORU</ns0:subfield><ns0:subfield code="d">OCL</ns0:subfield><ns0:subfield code="d">ORU</ns0:subfield><ns0:subfield code="d">K6U</ns0:subfield></ns0:datafield><ns0:datafield ind1=" " ind2=" " tag="020"><ns0:subfield code="a">9780982361856</ns0:subfield></ns0:datafield><ns0:datafield ind1=" " ind2=" " tag="020"><ns0:subfield code="a">0982361858</ns0:subfield></ns0:datafield><ns0:datafield ind1=" " ind2=" " tag="035"><ns0:subfield code="a">(OCoLC)953039477</ns0:subfield></ns0:datafield><ns0:datafield ind1=" " ind2="4" tag="050"><ns0:subfield code="a">HF5718</ns0:subfield><ns0:subfield code="b">.M435eb</ns0:subfield></ns0:datafield><ns0:datafield ind1="0" ind2="0" tag="245"><ns0:subfield code="a">Business communication for success</ns0:subfield></ns0:datafield><ns0:datafield ind1=" " ind2=" " tag="250"><ns0:subfield code="a">University of Minnesota Libraries Publishing edition.</ns0:subfield></ns0:datafield><ns0:datafield ind1=" " ind2=" " tag="260"><ns0:subfield code="a">Minneapolis :</ns0:subfield><ns0:subfield code="b">University of Minnesota Libraries Pub.,</ns0:subfield><ns0:subfield code="c">2015-</ns0:subfield></ns0:datafield><ns0:datafield ind1=" " ind2=" " tag="300"><ns0:subfield code="a">1 online resource :</ns0:subfield><ns0:subfield code="b">ill.</ns0:subfield></ns0:datafield><ns0:datafield ind1=" " ind2=" " tag="310"><ns0:subfield code="a">Updated irregularly.</ns0:subfield></ns0:datafield><ns0:datafield ind1=" " ind2=" " tag="500"><ns0:subfield code="a">This edition adapted from a work originally produced in 2010 by a publisher who has requested that it not receive attribution and author removed at request of original publisher.</ns0:subfield></ns0:datafield><ns0:datafield ind1="0" ind2="0" tag="505"><ns0:subfield code="g">Ch. 1.</ns0:subfield><ns0:subfield code="t">Effective business communication --</ns0:subfield><ns0:subfield code="g">Ch. 2.</ns0:subfield><ns0:subfield code="t">Delivering your message --</ns0:subfield><ns0:subfield code="g">Ch. 3.</ns0:subfield><ns0:subfield code="t">Understanding your audience --</ns0:subfield><ns0:subfield code="g">Ch. 4.</ns0:subfield><ns0:subfield code="t">Effective business writing --</ns0:subfield><ns0:subfield code="g">Ch. 5.</ns0:subfield><ns0:subfield code="t">Writing preparation --</ns0:subfield><ns0:subfield code="g">Ch. 6.</ns0:subfield><ns0:subfield code="t">Writing --</ns0:subfield><ns0:subfield code="g">Ch. 7.</ns0:subfield><ns0:subfield code="t">Revising and presenting your writing --</ns0:subfield><ns0:subfield code="g">Ch. 8</ns0:subfield><ns0:subfield code="t">Feedback in the writing process --</ns0:subfield><ns0:subfield code="g">Ch. 9.</ns0:subfield><ns0:subfield code="t">Business writing in action --</ns0:subfield><ns0:subfield code="g">Ch. 10.</ns0:subfield><ns0:subfield code="t">Developing business presentations --</ns0:subfield><ns0:subfield code="g">Ch. 11.</ns0:subfield><ns0:subfield code="t">Nonverbal delivery --</ns0:subfield><ns0:subfield code="g">Ch. 12.</ns0:subfield><ns0:subfield code="t">Organization and outlines --</ns0:subfield><ns0:subfield code="g">Ch. 13.</ns0:subfield><ns0:subfield code="t">Presentations to inform --</ns0:subfield><ns0:subfield code="g">Ch. 14.</ns0:subfield><ns0:subfield code="t">Presentations to persuade --</ns0:subfield><ns0:subfield code="g">Ch. 15</ns0:subfield><ns0:subfield code="t">Business presentations in action --</ns0:subfield><ns0:subfield code="g">Ch. 16.</ns0:subfield><ns0:subfield code="t">Intrapersonal and interpersonal business communication --</ns0:subfield><ns0:subfield code="g">Ch. 17.</ns0:subfield><ns0:subfield code="t">Negative news and crisis communication --</ns0:subfield><ns0:subfield code="g">Ch. 18.</ns0:subfield><ns0:subfield code="t">Intercultural and international business communication --</ns0:subfield><ns0:subfield code="g">Ch. 19.</ns0:subfield><ns0:subfield code="t">Group communication, teamwork, and leadership.</ns0:subfield></ns0:datafield><ns0:datafield ind1=" " ind2=" " tag="504"><ns0:subfield code="a">Includes bibliographical references and index.</ns0:subfield></ns0:datafield><ns0:datafield ind1=" " ind2=" " tag="516"><ns0:subfield code="a">Text (HTML, PDF), electronic book.</ns0:subfield></ns0:datafield><ns0:datafield ind1=" " ind2=" " tag="520"><ns0:subfield code="a">Business Communication for Success (BCS) provides a comprehensive, integrated approach to the study and application of written and oral business communication to serve both student and professor.</ns0:subfield></ns0:datafield><ns0:datafield ind1=" " ind2=" " tag="588"><ns0:subfield code="a">Description based on online version, 2015 edition; Title from PDF (viewed on July 5, 2016)</ns0:subfield></ns0:datafield><ns0:datafield ind1=" " ind2=" " tag="590"><ns0:subfield code="a">Made available online by BCcampus BC Open Textbook Project.</ns0:subfield></ns0:datafield><ns0:datafield ind1=" " ind2="0" tag="650"><ns0:subfield code="a">Business communication.</ns0:subfield></ns0:datafield><ns0:datafield ind1=" " ind2="7" tag="650"><ns0:subfield code="a">Business communication.</ns0:subfield><ns0:subfield code="2">fast</ns0:subfield><ns0:subfield code="0">(OCoLC)fst00842419</ns0:subfield></ns0:datafield><ns0:datafield ind1=" " ind2="0" tag="655"><ns0:subfield code="a">Electronic books.</ns0:subfield></ns0:datafield><ns0:datafield ind1="2" ind2=" " tag="710"><ns0:subfield code="a">University of Minnesota Libraries Publishing.</ns0:subfield></ns0:datafield><ns0:datafield ind1="2" ind2=" " tag="710"><ns0:subfield code="a">BC Open Textbook Project.</ns0:subfield></ns0:datafield><ns0:datafield ind1="2" ind2=" " tag="710"><ns0:subfield code="a">BCcampus.</ns0:subfield></ns0:datafield><ns0:datafield ind1="4" ind2="0" tag="856"><ns0:subfield code="3">BC Open Textbook Project title homepage:</ns0:subfield><ns0:subfield code="u">https://open.bccampus.ca/find-open-textbooks/?uuid=a3b38942-78f7-4939-801d-3a97b7d733d1&amp;contributor=&amp;keyword=&amp;subject=</ns0:subfield></ns0:datafield><ns0:datafield ind1="4" ind2="0" tag="856"><ns0:subfield code="3">BC Open Textbook Project PDF file.</ns0:subfield><ns0:subfield code="u">http://solr.bccampus.ca:8001/bcc/file/a3b38942-78f7-4939-801d-3a97b7d733d1/1/Business-Communication-for-Success-1462823191.pdf</ns0:subfield></ns0:datafield><ns0:datafield ind1="4" ind2="0" tag="856"><ns0:subfield code="3">University of Minnesota Libraries Publishing:</ns0:subfield><ns0:subfield code="u">http://open.lib.umn.edu/businesscommunication/</ns0:subfield></ns0:datafield><ns0:datafield ind1="4" ind2="0" tag="856"><ns0:subfield code="u">https://open.umn.edu/opentextbooks/BookDetail.aspx?bookId=8</ns0:subfield><ns0:subfield code="3">Open Textbook Library</ns0:subfield></ns0:datafield></ns0:record>