
<ns0:record><ns0:leader>03518nai a2200445Ia 4500</ns0:leader>
<ns0:controlfield tag="001">bcotA000169</ns0:controlfield>
<ns0:controlfield tag="005">20161122170122.0</ns0:controlfield><ns0:controlfield tag="006">m     o  d        </ns0:controlfield><ns0:controlfield tag="007">cr mn|||||||||</ns0:controlfield><ns0:controlfield tag="008">161031c20169999txuuu   o     0    2eng d</ns0:controlfield><ns0:datafield ind1=" " ind2=" " tag="040"><ns0:subfield code="a">COF</ns0:subfield><ns0:subfield code="c">COF</ns0:subfield><ns0:subfield code="d">K6U</ns0:subfield></ns0:datafield><ns0:datafield ind1=" " ind2=" " tag="020"><ns0:subfield code="a">9781938168284</ns0:subfield></ns0:datafield><ns0:datafield ind1=" " ind2=" " tag="020"><ns0:subfield code="a">1938168283</ns0:subfield></ns0:datafield><ns0:datafield ind1=" " ind2=" " tag="035"><ns0:subfield code="a">(OCoLC)961476196</ns0:subfield></ns0:datafield><ns0:datafield ind1=" " ind2="4" tag="050"><ns0:subfield code="a">QB14</ns0:subfield><ns0:subfield code="b">.F73eb</ns0:subfield></ns0:datafield><ns0:datafield ind1="1" ind2=" " tag="100"><ns0:subfield code="a">Fraknoi, Andrew.</ns0:subfield></ns0:datafield><ns0:datafield ind1="1" ind2="0" tag="245"><ns0:subfield code="a">Astronomy</ns0:subfield><ns0:subfield code="c">Andrew Fraknoi, David Morrison, Sidney C. Wolff.</ns0:subfield></ns0:datafield><ns0:datafield ind1=" " ind2=" " tag="260"><ns0:subfield code="a">Houston, Texas :</ns0:subfield><ns0:subfield code="b">OpenStax College, Rice University,</ns0:subfield><ns0:subfield code="c">2016-</ns0:subfield></ns0:datafield><ns0:datafield ind1=" " ind2=" " tag="300"><ns0:subfield code="a">1 online resource :</ns0:subfield><ns0:subfield code="b">ill. (chiefly col.)</ns0:subfield></ns0:datafield><ns0:datafield ind1=" " ind2=" " tag="310"><ns0:subfield code="a">Updated irregularly.</ns0:subfield></ns0:datafield><ns0:datafield ind1=" " ind2=" " tag="500"><ns0:subfield code="a">Includes index.</ns0:subfield></ns0:datafield><ns0:datafield ind1="0" ind2=" " tag="505"><ns0:subfield code="a">1. Science and the Universe: A Brief Tour -- 2. Observing the Sky: The Birth of Astronomy -- 3. Orbits and Gravity -- 4. Earth, Moon, and Sky -- 5. Radiation and Spectra -- 6. Astronomical Instruments -- 7. Other Worlds: An Introduction to the Solar System -- 8. Earth as a Planet -- 9. Cratered Worlds -- 10. Earthlike Planets: Venus and Mars -- 11. The Giant Planets -- 12. Rings, Moons, and Pluto -- 13. Comets and Asteroids: Debris of the Solar System -- 14. Cosmic Samples and the Origin of the Solar System -- 15. The Sun: A Garden-Variety Star -- 16. The Sun: A Nuclear Powerhouse -- 17. Analyzing Starlight -- 18. The Stars: A Celestial Census -- 19. Celestial Distances -- 20. Between the Stars: Gas and Dust in Space -- 21. The Birth of Stars and the Discovery of Planets outside the Solar System -- 22. Stars from Adolescence to Old Age -- 23. The Death of Stars -- 24. Black Holes and Curved Spacetime -- 25. The Milky Way Galaxy -- 26. Galaxies -- 27. Active Galaxies, Quasars, and Supermassive Black Holes -- 28. The Evolution and Distribution of Galaxies -- 29. The Big Bang -- 30. Life in the Universe</ns0:subfield></ns0:datafield><ns0:datafield ind1=" " ind2=" " tag="516"><ns0:subfield code="a">Text (HTML, PDF), electronic book.</ns0:subfield></ns0:datafield><ns0:datafield ind1=" " ind2=" " tag="520"><ns0:subfield code="a">"Astronomy is designed to meet the scope and sequence requirements of one- or two-semester introductory astronomy courses. The book begins with relevant scientific fundamentals and progresses through an exploration of the solar system, stars, galaxies and cosmology. The Astronomy textbook builds student understanding through the use of relevant analogies, clear and non-technical explanations, and rich illustrations. Mathematics is included in a flexible manner to meet the needs of individual instructors."--Open Textbook Library.</ns0:subfield></ns0:datafield><ns0:datafield ind1=" " ind2=" " tag="538"><ns0:subfield code="a">Mode of access: World Wide Web.</ns0:subfield></ns0:datafield><ns0:datafield ind1=" " ind2=" " tag="588"><ns0:subfield code="a">Description based on online version, Revision AS-2016-000(10/16)-RS; Title from PDF (viewed on October 31, 2016)</ns0:subfield></ns0:datafield><ns0:datafield ind1=" " ind2=" " tag="590"><ns0:subfield code="a">Made available online by BCcampus BC Open Textbook Project.</ns0:subfield></ns0:datafield><ns0:datafield ind1=" " ind2="0" tag="650"><ns0:subfield code="a">Astronomy</ns0:subfield><ns0:subfield code="x">Environmental aspects.</ns0:subfield></ns0:datafield><ns0:datafield ind1=" " ind2="0" tag="650"><ns0:subfield code="a">Astronomy</ns0:subfield><ns0:subfield code="v">Observations</ns0:subfield><ns0:subfield code="x">Effect of pollution on.</ns0:subfield></ns0:datafield><ns0:datafield ind1=" " ind2="7" tag="650"><ns0:subfield code="a">Astronomy.</ns0:subfield><ns0:subfield code="2">fast</ns0:subfield><ns0:subfield code="0">(OCoLC)fst00819673</ns0:subfield></ns0:datafield><ns0:datafield ind1=" " ind2="7" tag="650"><ns0:subfield code="a">Astronomy</ns0:subfield><ns0:subfield code="x">Environmental aspects.</ns0:subfield><ns0:subfield code="2">fast</ns0:subfield><ns0:subfield code="0">(OCoLC)fst00819692</ns0:subfield></ns0:datafield><ns0:datafield ind1=" " ind2="0" tag="655"><ns0:subfield code="a">Electronic books.</ns0:subfield></ns0:datafield><ns0:datafield ind1="1" ind2=" " tag="700"><ns0:subfield code="a">Morrison, David.</ns0:subfield></ns0:datafield><ns0:datafield ind1="1" ind2=" " tag="700"><ns0:subfield code="a">Wolff, Sidney C.</ns0:subfield></ns0:datafield><ns0:datafield ind1="2" ind2=" " tag="710"><ns0:subfield code="a">Open Textbook Library.</ns0:subfield></ns0:datafield><ns0:datafield ind1="2" ind2=" " tag="710"><ns0:subfield code="a">BC Open Textbook Project.</ns0:subfield></ns0:datafield><ns0:datafield ind1="2" ind2=" " tag="710"><ns0:subfield code="a">BCcampus.</ns0:subfield></ns0:datafield><ns0:datafield ind1="4" ind2="0" tag="856"><ns0:subfield code="3">BC Open Textbook Project title homepage:</ns0:subfield><ns0:subfield code="u">https://open.bccampus.ca/find-open-textbooks/?uuid=aa7e4991-20af-489b-8fb1-fdbe155b9702&amp;contributor=&amp;keyword=&amp;subject=</ns0:subfield></ns0:datafield><ns0:datafield ind1="4" ind2="0" tag="856"><ns0:subfield code="3">BC Open Textbook Project PDF file.</ns0:subfield><ns0:subfield code="u">http://solr.bccampus.ca:8001/bcc/file/aa7e4991-20af-489b-8fb1-fdbe155b9702/1/astronomy-9.1.pdf</ns0:subfield></ns0:datafield><ns0:datafield ind1="4" ind2="0" tag="856"><ns0:subfield code="u"> https://open.umn.edu/opentextbooks/BookDetail.aspx?bookId=390 </ns0:subfield><ns0:subfield code="3"> Open Textbook Library</ns0:subfield></ns0:datafield></ns0:record>