
<ns0:record><ns0:leader>03282cai a2200457Ia 4500</ns0:leader>
<ns0:controlfield tag="001">bcotA000170</ns0:controlfield>
<ns0:controlfield tag="005">20161121191404.0</ns0:controlfield><ns0:controlfield tag="006">m     o  d        </ns0:controlfield><ns0:controlfield tag="007">cr mn|||||||||</ns0:controlfield><ns0:controlfield tag="008">161028c20169999txuuu   o     0    2eng d</ns0:controlfield><ns0:datafield ind1=" " ind2=" " tag="040"><ns0:subfield code="a">COF</ns0:subfield><ns0:subfield code="b">eng</ns0:subfield><ns0:subfield code="c">COF</ns0:subfield><ns0:subfield code="d">K6u</ns0:subfield></ns0:datafield><ns0:datafield ind1=" " ind2=" " tag="020"><ns0:subfield code="a">9781938168277</ns0:subfield></ns0:datafield><ns0:datafield ind1=" " ind2=" " tag="020"><ns0:subfield code="a">1938168275</ns0:subfield></ns0:datafield><ns0:datafield ind1=" " ind2=" " tag="035"><ns0:subfield code="a">(OCoLC)961352944</ns0:subfield></ns0:datafield><ns0:datafield ind1=" " ind2="4" tag="050"><ns0:subfield code="a">QC21.2</ns0:subfield><ns0:subfield code="b">.L56eb</ns0:subfield></ns0:datafield><ns0:datafield ind1="1" ind2=" " tag="100"><ns0:subfield code="a">Ling, Samuel J.</ns0:subfield></ns0:datafield><ns0:datafield ind1="1" ind2="0" tag="245"><ns0:subfield code="a">University physics.</ns0:subfield><ns0:subfield code="n">Volume 1</ns0:subfield><ns0:subfield code="c">Samuel J. Ling, Jeff Sanny, Bill Moebs.</ns0:subfield></ns0:datafield><ns0:datafield ind1=" " ind2=" " tag="260"><ns0:subfield code="a">Houston, Texas :</ns0:subfield><ns0:subfield code="b">OpenStax College, Rice University,</ns0:subfield><ns0:subfield code="c">2016-</ns0:subfield></ns0:datafield><ns0:datafield ind1=" " ind2=" " tag="300"><ns0:subfield code="a">1 online resource :</ns0:subfield><ns0:subfield code="b">col. ill.</ns0:subfield></ns0:datafield><ns0:datafield ind1=" " ind2=" " tag="310"><ns0:subfield code="a">Updated irregularly.</ns0:subfield></ns0:datafield><ns0:datafield ind1=" " ind2=" " tag="500"><ns0:subfield code="a">Includes index.</ns0:subfield></ns0:datafield><ns0:datafield ind1="0" ind2=" " tag="505"><ns0:subfield code="a">Unit 1. Mechanics. Chapter 1: Units and Measurement -- Chapter 2: Vectors -- Chapter 3: Motion Along a Straight Line -- Chapter 4: Motion in Two and Three Dimensions -- Chapter 5: Newton's Laws of Motion -- Chapter 6: Applications of Newton's Laws -- Chapter 7: Work and Kinetic Energy -- Chapter 8: Potential Energy and Conservation of Energy -- Chapter 9: Linear Momentum and Collisions -- Chapter 10: Fixed-Axis Rotation -- Chapter 11: Angular Momentum -- Chapter 12: Static Equilibrium and Elasticity -- Chapter 13: Gravitation -- Chapter 14: Fluid Mechanics -- Unit 2. Waves and Acoustics. Chapter 15: Oscillations -- Chapter 16: Waves -- Chapter 17: Sound -- Appendix A: Units -- Appendix B: Conversion Factors -- Appendix C: Fundamental Constants -- Appendix D: Astronomical Data -- Appendix E: Mathematical Formulas -- Appendix F: Chemistry -- Appendix G: The Greek Alphabet</ns0:subfield></ns0:datafield><ns0:datafield ind1=" " ind2=" " tag="516"><ns0:subfield code="a">Text (HTML, PDF), electronic book.</ns0:subfield></ns0:datafield><ns0:datafield ind1=" " ind2=" " tag="520"><ns0:subfield code="a">"University Physics is a three-volume collection that meets the scope and sequence requirements for two- and three-semester calculus-based physics courses. Volume 1 covers mechanics, sound, oscillations, and waves. This textbook emphasizes connections between theory and application, making physics concepts interesting and accessible to students while maintaining the mathematical rigor inherent in the subject. Frequent, strong examples focus on how to approach a problem, how to work with the equations, and how to check and generalize the result."--Open Textbook Library.</ns0:subfield></ns0:datafield><ns0:datafield ind1=" " ind2=" " tag="588"><ns0:subfield code="a">Description based on online version, Revision UP1-2016-000(09/16)-BW; Title from PDF (viewed on October 28, 2016)</ns0:subfield></ns0:datafield><ns0:datafield ind1=" " ind2=" " tag="590"><ns0:subfield code="a">Made available online by BCcampus BC Open Textbook Project.</ns0:subfield></ns0:datafield><ns0:datafield ind1=" " ind2="0" tag="650"><ns0:subfield code="a">Physics.</ns0:subfield></ns0:datafield><ns0:datafield ind1=" " ind2="0" tag="650"><ns0:subfield code="a">Mechanics.</ns0:subfield></ns0:datafield><ns0:datafield ind1=" " ind2="0" tag="650"><ns0:subfield code="a">Waves.</ns0:subfield></ns0:datafield><ns0:datafield ind1=" " ind2="0" tag="650"><ns0:subfield code="a">Sound.</ns0:subfield></ns0:datafield><ns0:datafield ind1=" " ind2="7" tag="650"><ns0:subfield code="a">Mechanics.</ns0:subfield><ns0:subfield code="2">fast</ns0:subfield><ns0:subfield code="0">(OCoLC)fst01013446</ns0:subfield></ns0:datafield><ns0:datafield ind1=" " ind2="7" tag="650"><ns0:subfield code="a">Physics.</ns0:subfield><ns0:subfield code="2">fast</ns0:subfield><ns0:subfield code="0">(OCoLC)fst01063025</ns0:subfield></ns0:datafield><ns0:datafield ind1=" " ind2="0" tag="655"><ns0:subfield code="a">Electronic books.</ns0:subfield></ns0:datafield><ns0:datafield ind1="1" ind2=" " tag="700"><ns0:subfield code="a">Sanny, Jeff,</ns0:subfield><ns0:subfield code="d">1952-</ns0:subfield></ns0:datafield><ns0:datafield ind1="1" ind2=" " tag="700"><ns0:subfield code="a">Moebs, William.</ns0:subfield></ns0:datafield><ns0:datafield ind1="2" ind2=" " tag="710"><ns0:subfield code="a">OpenStax College,</ns0:subfield><ns0:subfield code="e">issuing body.</ns0:subfield></ns0:datafield><ns0:datafield ind1="2" ind2=" " tag="710"><ns0:subfield code="a">BC Open Textbook Project.</ns0:subfield></ns0:datafield><ns0:datafield ind1="2" ind2=" " tag="710"><ns0:subfield code="a">Open Textbook Library.</ns0:subfield></ns0:datafield><ns0:datafield ind1="4" ind2="0" tag="856"><ns0:subfield code="u">https://open.umn.edu/opentextbooks/BookDetail.aspx?bookId=378</ns0:subfield><ns0:subfield code="3">Open Textbook Library</ns0:subfield></ns0:datafield><ns0:datafield ind1="4" ind2="0" tag="856"><ns0:subfield code="3">BC Open Textbook Project title homepage:</ns0:subfield><ns0:subfield code="u">https://open.bccampus.ca/find-open-textbooks/?uuid=9937895a-72b5-4caf-a536-2dc9893c96ff&amp;contributor=&amp;keyword=&amp;subject=</ns0:subfield></ns0:datafield><ns0:datafield ind1="4" ind2="0" tag="856"><ns0:subfield code="3">BC Open Textbook Project PDF file.</ns0:subfield><ns0:subfield code="u">http://solr.bccampus.ca:8001/bcc/file/9937895a-72b5-4caf-a536-2dc9893c96ff/1/university-physics-volume-1-5.2.pdf</ns0:subfield></ns0:datafield></ns0:record>