
<ns0:record><ns0:leader>02110cai a2200385Ia 4500</ns0:leader>
<ns0:controlfield tag="001">bcotA000185</ns0:controlfield>
<ns0:controlfield tag="005">20170329180740.0</ns0:controlfield><ns0:controlfield tag="006">m     o  d        </ns0:controlfield><ns0:controlfield tag="007">cr mn|||||||||</ns0:controlfield><ns0:controlfield tag="008">160615c20149999xx uu   o     0    2eng d</ns0:controlfield><ns0:datafield ind1=" " ind2=" " tag="035"><ns0:subfield code="a">(OCoLC)951750571</ns0:subfield></ns0:datafield><ns0:datafield ind1=" " ind2=" " tag="040"><ns0:subfield code="a">COF</ns0:subfield><ns0:subfield code="b">eng</ns0:subfield><ns0:subfield code="c">COF</ns0:subfield><ns0:subfield code="d">COF</ns0:subfield><ns0:subfield code="d">OCLCF</ns0:subfield><ns0:subfield code="d">ORU</ns0:subfield><ns0:subfield code="d">OCL</ns0:subfield><ns0:subfield code="d">OCLCQ</ns0:subfield><ns0:subfield code="d">CaBSKC</ns0:subfield></ns0:datafield><ns0:datafield ind1=" " ind2="4" tag="050"><ns0:subfield code="a">QA184.2</ns0:subfield><ns0:subfield code="b">.K88eb</ns0:subfield></ns0:datafield><ns0:datafield ind1="1" ind2=" " tag="100"><ns0:subfield code="a">Kuttler, Kenneth.</ns0:subfield></ns0:datafield><ns0:datafield ind1="1" ind2="2" tag="245"><ns0:subfield code="a">A first course in linear algebra</ns0:subfield><ns0:subfield code="c">Ken Kuttler.</ns0:subfield></ns0:datafield><ns0:datafield ind1=" " ind2=" " tag="260"><ns0:subfield code="a">[Place of publication not identified] :</ns0:subfield><ns0:subfield code="b">Lyryx,</ns0:subfield><ns0:subfield code="c">2014-</ns0:subfield></ns0:datafield><ns0:datafield ind1=" " ind2=" " tag="300"><ns0:subfield code="a">1 online resource :</ns0:subfield><ns0:subfield code="b">illustrations</ns0:subfield></ns0:datafield><ns0:datafield ind1=" " ind2=" " tag="310"><ns0:subfield code="a">Updated irregularly.</ns0:subfield></ns0:datafield><ns0:datafield ind1="1" ind2=" " tag="490"><ns0:subfield code="a">Open textbook library</ns0:subfield></ns0:datafield><ns0:datafield ind1=" " ind2=" " tag="500"><ns0:subfield code="a">Includes index.</ns0:subfield></ns0:datafield><ns0:datafield ind1=" " ind2=" " tag="516"><ns0:subfield code="a">Text (HTML), electronic book.</ns0:subfield></ns0:datafield><ns0:datafield ind1=" " ind2=" " tag="520"><ns0:subfield code="a">Linear Algebra: A First Course presents an introduction to the fascinating subject of linear algebra. As the title suggests, this text is designed as a first course in linear algebra for students who have a reasonable understanding of basic algebra. Major topics of linear algebra are presented in detail, with proofs of important theorems provided. Connections to additional topics covered in advanced courses are introduced, in an effort to assist those students who are interested in continuing on in linear algebra.</ns0:subfield></ns0:datafield><ns0:datafield ind1=" " ind2=" " tag="538"><ns0:subfield code="a">Mode of access: World Wide Web.</ns0:subfield></ns0:datafield><ns0:datafield ind1="0" ind2=" " tag="588"><ns0:subfield code="a">Online version: Version 2014 Revision A; title from PDF (viewed on June 15, 2016).</ns0:subfield></ns0:datafield><ns0:datafield ind1=" " ind2=" " tag="590"><ns0:subfield code="a">Made available online by BCcampus, BC Open Textbook Project.</ns0:subfield></ns0:datafield><ns0:datafield ind1=" " ind2="0" tag="650"><ns0:subfield code="a">Algebras, Linear.</ns0:subfield></ns0:datafield><ns0:datafield ind1=" " ind2="0" tag="655"><ns0:subfield code="a">Electronic books.</ns0:subfield></ns0:datafield><ns0:datafield ind1="2" ind2=" " tag="710"><ns0:subfield code="a">Lyryx Learning.</ns0:subfield></ns0:datafield><ns0:datafield ind1="2" ind2=" " tag="710"><ns0:subfield code="a">Open Textbook Library.</ns0:subfield></ns0:datafield><ns0:datafield ind1="2" ind2=" " tag="710"><ns0:subfield code="a">BC Open Textbook Project.</ns0:subfield></ns0:datafield><ns0:datafield ind1="2" ind2=" " tag="710"><ns0:subfield code="a">BCcampus.</ns0:subfield></ns0:datafield><ns0:datafield ind1=" " ind2="0" tag="830"><ns0:subfield code="a">Open Textbook Library.</ns0:subfield></ns0:datafield><ns0:datafield ind1="4" ind2="0" tag="856"><ns0:subfield code="3">BC Open Textbook Project title homepage.</ns0:subfield><ns0:subfield code="u">https://open.bccampus.ca/find-open-textbooks/?uuid=af6e479a-fd5a-44f9-955c-84ece5bfc34a&amp;contributor=&amp;keyword=&amp;subject=</ns0:subfield></ns0:datafield><ns0:datafield ind1="4" ind2="0" tag="856"><ns0:subfield code="3">BC Open Textbook Project.</ns0:subfield><ns0:subfield code="u">http://solr.bccampus.ca:8001/bcc/file/af6e479a-fd5a-44f9-955c-84ece5bfc34a/1/Print%20%28.pdf%29.pdf</ns0:subfield></ns0:datafield><ns0:datafield ind1="4" ind2="0" tag="856"><ns0:subfield code="3">HTML file.</ns0:subfield><ns0:subfield code="u">https://open.umn.edu/opentextbooks/BookDetail.aspx?bookId=213</ns0:subfield></ns0:datafield></ns0:record>