
<ns0:record><ns0:leader>03052cai a2200433Ia 4500</ns0:leader>
<ns0:controlfield tag="001">bcotR000186</ns0:controlfield>
<ns0:controlfield tag="005">20170314140109.0</ns0:controlfield><ns0:controlfield tag="006">m     o  d        </ns0:controlfield><ns0:controlfield tag="007">cr cn|||||||||</ns0:controlfield><ns0:controlfield tag="008">160726c20159999mnuuu   o b   0    2eng d</ns0:controlfield><ns0:datafield ind1=" " ind2=" " tag="037"><ns0:subfield code="b">BCOpenCampus</ns0:subfield><ns0:subfield code="c">CostFree</ns0:subfield><ns0:subfield code="f">FormOnline</ns0:subfield><ns0:subfield code="g">AccessOpen</ns0:subfield></ns0:datafield><ns0:datafield ind1=" " ind2=" " tag="040"><ns0:subfield code="a">COF</ns0:subfield><ns0:subfield code="b">eng</ns0:subfield><ns0:subfield code="c">COF</ns0:subfield><ns0:subfield code="d">ORU</ns0:subfield><ns0:subfield code="d">OCL</ns0:subfield><ns0:subfield code="d">OCLCQ</ns0:subfield><ns0:subfield code="d">CaBSKC</ns0:subfield></ns0:datafield><ns0:datafield ind1=" " ind2=" " tag="020"><ns0:subfield code="a">9780982361825</ns0:subfield><ns0:subfield code="q">(ebk.)</ns0:subfield></ns0:datafield><ns0:datafield ind1=" " ind2=" " tag="020"><ns0:subfield code="a">0982361823</ns0:subfield><ns0:subfield code="q">(ebk.)</ns0:subfield></ns0:datafield><ns0:datafield ind1=" " ind2=" " tag="035"><ns0:subfield code="a">(OCoLC)953994213</ns0:subfield></ns0:datafield><ns0:datafield ind1=" " ind2="4" tag="050"><ns0:subfield code="a">HF5415</ns0:subfield><ns0:subfield code="b">.P95 2015eb</ns0:subfield></ns0:datafield><ns0:datafield ind1="0" ind2="0" tag="245"><ns0:subfield code="a">Principles of marketing</ns0:subfield></ns0:datafield><ns0:datafield ind1=" " ind2=" " tag="260"><ns0:subfield code="a">Minneapolis, MN :</ns0:subfield><ns0:subfield code="b">University of Minnesota Libraries Publishing,</ns0:subfield><ns0:subfield code="c">2015-</ns0:subfield></ns0:datafield><ns0:datafield ind1=" " ind2=" " tag="300"><ns0:subfield code="a">1 online resource :</ns0:subfield><ns0:subfield code="b">colour illustrations</ns0:subfield></ns0:datafield><ns0:datafield ind1=" " ind2=" " tag="310"><ns0:subfield code="a">Updated irregularly.</ns0:subfield></ns0:datafield><ns0:datafield ind1="1" ind2=" " tag="490"><ns0:subfield code="a">Open textbook library</ns0:subfield></ns0:datafield><ns0:datafield ind1=" " ind2=" " tag="500"><ns0:subfield code="a">Principles of Marketing by [Author removed at request of original publisher] is licensed under a Creative Commons Attribution-NonCommercial-ShareAlike 4.0 International License, except where otherwise noted.--title page verso.</ns0:subfield></ns0:datafield><ns0:datafield ind1=" " ind2=" " tag="504"><ns0:subfield code="a">Includes bibliographical references.</ns0:subfield></ns0:datafield><ns0:datafield ind1="0" ind2=" " tag="505"><ns0:subfield code="a">What is marketing? -- Strategic planning -- Consumer behavior : how people make buying decisions -- Business buying behavior -- Market segmenting, targeting, and positioning -- Creating offerings -- Developing and managing offerings -- Using marketing channels to create value for customers -- Using supply chains to create value for customers -- Gathering and using information : marketing research and market intelligence -- Integrated marketing communications and the changing media landscape -- Public relations, social media and sponsorships -- Professional selling -- Customer satisfaction, loyalty, and empowerment -- Price, the only revenue generator -- The marketing plan.</ns0:subfield></ns0:datafield><ns0:datafield ind1=" " ind2=" " tag="500"><ns0:subfield code="a">Author removed at request of original publisher. This edition adapted from a work originally produced in 2010 by a publisher who has requested that it not receive attribution.</ns0:subfield></ns0:datafield><ns0:datafield ind1=" " ind2=" " tag="516"><ns0:subfield code="a">Text (HTML), electronic book.</ns0:subfield></ns0:datafield><ns0:datafield ind1=" " ind2=" " tag="520"><ns0:subfield code="a">"Principles of Marketing teaches the experience and process of actually doing marketing - not just the vocabulary. It carries five dominant themes throughout in order to expose students to marketing in today's environment."--Open Textbook Library.</ns0:subfield></ns0:datafield><ns0:datafield ind1=" " ind2=" " tag="538"><ns0:subfield code="a">Mode of access: World Wide Web.</ns0:subfield></ns0:datafield><ns0:datafield ind1="0" ind2=" " tag="588"><ns0:subfield code="a">Online version, 2015 edition; title from PDF (viewed on July 26, 2016).</ns0:subfield></ns0:datafield><ns0:datafield ind1=" " ind2=" " tag="590"><ns0:subfield code="a">Made available online by BCcampus, BC Open Textbook Project.</ns0:subfield></ns0:datafield><ns0:datafield ind1=" " ind2="0" tag="650"><ns0:subfield code="a">Marketing.</ns0:subfield></ns0:datafield><ns0:datafield ind1=" " ind2="0" tag="655"><ns0:subfield code="a">Electronic books.</ns0:subfield></ns0:datafield><ns0:datafield ind1="2" ind2=" " tag="710"><ns0:subfield code="a">Open Textbook Library.</ns0:subfield></ns0:datafield><ns0:datafield ind1="2" ind2=" " tag="710"><ns0:subfield code="a">BC Open Textbook Project.</ns0:subfield></ns0:datafield><ns0:datafield ind1="2" ind2=" " tag="710"><ns0:subfield code="a">BCcampus.</ns0:subfield></ns0:datafield><ns0:datafield ind1=" " ind2="0" tag="830"><ns0:subfield code="a">Open Textbook Library.</ns0:subfield></ns0:datafield><ns0:datafield ind1="4" ind2="0" tag="856"><ns0:subfield code="3">BC Open Textbook Project title homepage.</ns0:subfield><ns0:subfield code="u">https://open.bccampus.ca/find-open-textbooks/?uuid=ca3ef877-1f08-479d-a085-420121782a31&amp;contributor=&amp;keyword=&amp;subject=</ns0:subfield></ns0:datafield><ns0:datafield ind1="4" ind2="0" tag="856"><ns0:subfield code="3">BC Open Textbook Project.</ns0:subfield><ns0:subfield code="u">http://solr.bccampus.ca:8001/bcc/file/ca3ef877-1f08-479d-a085-420121782a31/1/Principles-of-Marketing-1483460975.pdf</ns0:subfield></ns0:datafield><ns0:datafield ind1="4" ind2="0" tag="856"><ns0:subfield code="3">HTML file.</ns0:subfield><ns0:subfield code="u">https://open.umn.edu/opentextbooks/BookDetail.aspx?bookId=50</ns0:subfield></ns0:datafield></ns0:record>