
<ns0:record><ns0:leader>02232nai a2200325Ia 4500</ns0:leader>
<ns0:controlfield tag="001">bcotR000187</ns0:controlfield>
<ns0:controlfield tag="005">20170411163150.0</ns0:controlfield><ns0:controlfield tag="006">m     o  d        </ns0:controlfield><ns0:controlfield tag="007">cr cn|||||||||</ns0:controlfield><ns0:controlfield tag="008">170411c20159999bccuu   o     0    2eng d</ns0:controlfield><ns0:datafield ind1=" " ind2=" " tag="040"><ns0:subfield code="a">K6U</ns0:subfield><ns0:subfield code="e">rda</ns0:subfield><ns0:subfield code="c">K6U</ns0:subfield></ns0:datafield><ns0:datafield ind1=" " ind2=" " tag="035"><ns0:subfield code="a">(OCoLC)982127523</ns0:subfield></ns0:datafield><ns0:datafield ind1=" " ind2="4" tag="050"><ns0:subfield code="a">HV3004</ns0:subfield><ns0:subfield code="b">.M45 2015eb</ns0:subfield></ns0:datafield><ns0:datafield ind1="1" ind2=" " tag="100"><ns0:subfield code="a">Melrose, Sherri,</ns0:subfield><ns0:subfield code="e">author</ns0:subfield></ns0:datafield><ns0:datafield ind1="1" ind2="0" tag="245"><ns0:subfield code="a">Supporting individuals with intellectual disabilities &amp; mental illness</ns0:subfield><ns0:subfield code="b">what caregivers need to know /</ns0:subfield><ns0:subfield code="c">Sherri Melrose, Ph.D.,  and contributing authors Debra Dusome, MA, John Simpson, M.Ed., Cheryl Crocker, Ph.D., Elizabeth Athens, Ph.D.</ns0:subfield></ns0:datafield><ns0:datafield ind1="3" ind2=" " tag="246"><ns0:subfield code="a">Supporting individuals with intellectual disabilities and mental illness</ns0:subfield></ns0:datafield><ns0:datafield ind1=" " ind2=" " tag="260"><ns0:subfield code="a">[Victoria] :</ns0:subfield><ns0:subfield code="b">BCcampus, BC Open Textbook Project</ns0:subfield><ns0:subfield code="c">2015-</ns0:subfield></ns0:datafield><ns0:datafield ind1=" " ind2=" " tag="300"><ns0:subfield code="a">1 online resource</ns0:subfield></ns0:datafield><ns0:datafield ind1=" " ind2=" " tag="310"><ns0:subfield code="a">Updated irregularly</ns0:subfield></ns0:datafield><ns0:datafield ind1=" " ind2=" " tag="516"><ns0:subfield code="a">Text (HTML), electronic book.</ns0:subfield></ns0:datafield><ns0:datafield ind1=" " ind2=" " tag="520"><ns0:subfield code="a">"This multidisciplinary resource develops topics of interest to all those who care about and for individuals with co-occurring intellectual disabilities and mental illness. Each chapter presents current evidence informed practice knowledge. Each topic is also presented with audio enabled text boxes emphasizing 'Key Points for Caregivers.' For those who are interested in background knowledge, we provided the comprehensive literature base. And, for those interested mainly in 'what to do, ' we provided text box summaries for reading and listening."--BC Campus website.</ns0:subfield></ns0:datafield><ns0:datafield ind1=" " ind2=" " tag="550"><ns0:subfield code="a">Made available online by British Columbia Open Campus.</ns0:subfield></ns0:datafield><ns0:datafield ind1=" " ind2=" " tag="590"><ns0:subfield code="a">Made available online by BCcampus, BC Open Textbook Project.</ns0:subfield></ns0:datafield><ns0:datafield ind1=" " ind2="0" tag="650"><ns0:subfield code="a">Mentally ill</ns0:subfield><ns0:subfield code="x">Home care</ns0:subfield><ns0:subfield code="v">Textbooks.</ns0:subfield></ns0:datafield><ns0:datafield ind1=" " ind2="0" tag="650"><ns0:subfield code="a">People with mental disabilities</ns0:subfield><ns0:subfield code="x">Home care</ns0:subfield><ns0:subfield code="v">Textbooks.</ns0:subfield></ns0:datafield><ns0:datafield ind1=" " ind2="0" tag="655"><ns0:subfield code="a">Electronic books.</ns0:subfield></ns0:datafield><ns0:datafield ind1="1" ind2=" " tag="700"><ns0:subfield code="a">Dusome, Debra,</ns0:subfield><ns0:subfield code="e">author</ns0:subfield></ns0:datafield><ns0:datafield ind1="4" ind2="0" tag="856"><ns0:subfield code="3">BC Open Textbook Project homepage.</ns0:subfield><ns0:subfield code="u">http://open.bccampus.ca/find-open-textbooks/?uuid=5872a030-f5d9-4ea3-a9d2-696a99c005dc&amp;contributor=&amp;keyword=&amp;subject=</ns0:subfield></ns0:datafield><ns0:datafield ind1="4" ind2="0" tag="856"><ns0:subfield code="3">BC Open Textbook Project PDF.</ns0:subfield><ns0:subfield code="u">http://solr.bccampus.ca:8001/bcc/items/5872a030-f5d9-4ea3-a9d2-696a99c005dc/1/?attachment.uuid=a9f8dfbd-8f20-4865-a5e4-0775b0d3eee6</ns0:subfield></ns0:datafield><ns0:datafield ind1="4" ind2="0" tag="856"><ns0:subfield code="3">BC Open Textbook Project HTML version.</ns0:subfield><ns0:subfield code="u">https://opentextbc.ca/caregivers</ns0:subfield></ns0:datafield></ns0:record>