
<ns0:record><ns0:leader>02358cam a2200337 a 4500</ns0:leader>
<ns0:controlfield tag="001">bcotA000196</ns0:controlfield>
<ns0:controlfield tag="006">m     o  d        </ns0:controlfield><ns0:controlfield tag="007">cr mn|||||||||</ns0:controlfield><ns0:controlfield tag="008">170620s2017    bcca    ob    000 0 eng d</ns0:controlfield><ns0:datafield ind1=" " ind2=" " tag="035"><ns0:subfield code="a">(OCoLC)1001281429</ns0:subfield></ns0:datafield><ns0:datafield ind1=" " ind2=" " tag="037"><ns0:subfield code="b">BCOpenCampus</ns0:subfield><ns0:subfield code="c">CostFree</ns0:subfield><ns0:subfield code="f">FormOnline</ns0:subfield><ns0:subfield code="g">AccessOpen</ns0:subfield></ns0:datafield><ns0:datafield ind1=" " ind2=" " tag="040"><ns0:subfield code="a">CaBSKC</ns0:subfield><ns0:subfield code="b">eng</ns0:subfield><ns0:subfield code="e" /><ns0:subfield code="c">CaBSKC</ns0:subfield></ns0:datafield><ns0:datafield ind1=" " ind2="4" tag="050"><ns0:subfield code="a">HF5718.3</ns0:subfield><ns0:subfield code="b">P76 2015eb</ns0:subfield></ns0:datafield><ns0:datafield ind1="0" ind2="0" tag="245"><ns0:subfield code="a">Professional communications OER :</ns0:subfield><ns0:subfield code="b">Modules 1-4 : overiew /</ns0:subfield><ns0:subfield code="c">by the Olds College OER Development Team.</ns0:subfield></ns0:datafield><ns0:datafield ind1="3" ind2=" " tag="246"><ns0:subfield code="a">Professional communications OER, modules 1-4 and overview</ns0:subfield></ns0:datafield><ns0:datafield ind1="3" ind2=" " tag="246"><ns0:subfield code="a">Professional communications open educational resource</ns0:subfield></ns0:datafield><ns0:datafield ind1="3" ind2=" " tag="246"><ns0:subfield code="a">Professional communication OER, modules 1-4, overview</ns0:subfield></ns0:datafield><ns0:datafield ind1=" " ind2=" " tag="260"><ns0:subfield code="a">[Olds, AB] :</ns0:subfield><ns0:subfield code="b">Olds College,</ns0:subfield><ns0:subfield code="c">[2015]</ns0:subfield></ns0:datafield><ns0:datafield ind1=" " ind2=" " tag="300"><ns0:subfield code="a">1 online resource :</ns0:subfield><ns0:subfield code="b">illustrations</ns0:subfield></ns0:datafield><ns0:datafield ind1="0" ind2="0" tag="505"><ns0:subfield code="g">Module 1.</ns0:subfield><ns0:subfield code="t">Foundations --</ns0:subfield><ns0:subfield code="g">Module 2.</ns0:subfield><ns0:subfield code="t">Writing --</ns0:subfield><ns0:subfield code="g">Module 3.</ns0:subfield><ns0:subfield code="t">Presentations --</ns0:subfield><ns0:subfield code="t">Module 4.</ns0:subfield><ns0:subfield code="t">Interpersonal.</ns0:subfield></ns0:datafield><ns0:datafield ind1=" " ind2=" " tag="520"><ns0:subfield code="a">"This Open Educational Resource (OER), developed by Olds College is collaboration with the Government of Alberta, is a series of modules intended for use in Higher Education courses or by independent learners. This resource is useful for instructors whose courses cover introductory communication skills, workplace communication, technical communication, or business writing. It contains four modules (Foundations, Writing, Presentations, and Interpersonal), each with its own lesson plans, assessments, and supporting materials. Below, you will find online access to the entire series, plus an instructor overview of the modules. For the PDF and editable files, and instructor resources for each individual module, select the FIND links below"--BC Campus website.</ns0:subfield></ns0:datafield><ns0:datafield ind1=" " ind2=" " tag="588"><ns0:subfield code="a">Description based on online version; Title from PDF (viewed on June 20, 2017)</ns0:subfield></ns0:datafield><ns0:datafield ind1=" " ind2="0" tag="650"><ns0:subfield code="a">Business writing</ns0:subfield><ns0:subfield code="v">Textbooks.</ns0:subfield></ns0:datafield><ns0:datafield ind1=" " ind2="0" tag="650"><ns0:subfield code="a">Communication of technical information</ns0:subfield><ns0:subfield code="v">Textbooks.</ns0:subfield></ns0:datafield><ns0:datafield ind1=" " ind2="0" tag="650"><ns0:subfield code="a">Communication</ns0:subfield><ns0:subfield code="v">Textbooks.</ns0:subfield></ns0:datafield><ns0:datafield ind1=" " ind2="0" tag="655"><ns0:subfield code="a">Electronic books.</ns0:subfield></ns0:datafield><ns0:datafield ind1="2" ind2=" " tag="710"><ns0:subfield code="a">Olds College OER Development Team.</ns0:subfield></ns0:datafield><ns0:datafield ind1="2" ind2=" " tag="710"><ns0:subfield code="a">BC Open Textbook Project.</ns0:subfield></ns0:datafield><ns0:datafield ind1="2" ind2=" " tag="710"><ns0:subfield code="a">BCcampus.</ns0:subfield></ns0:datafield><ns0:datafield ind1="4" ind2="0" tag="856"><ns0:subfield code="3">BC Open Textbook Project title homepage.</ns0:subfield><ns0:subfield code="u">https://open.bccampus.ca/find-open-textbooks/?uuid=1f02ebef-8261-4dae-af65-1d021d28c6a2&amp;contributor=&amp;keyword=&amp;subject=</ns0:subfield></ns0:datafield><ns0:datafield ind1="4" ind2="0" tag="856"><ns0:subfield code="3">HTML file.</ns0:subfield><ns0:subfield code="u">http://www.procomoer.org/oer-resources/professional-communication-full-etextbook/</ns0:subfield></ns0:datafield></ns0:record>