
<ns0:record><ns0:leader>01976cam a2200337 a 4500</ns0:leader>
<ns0:controlfield tag="001">bcotA000197</ns0:controlfield>
<ns0:controlfield tag="006">m     o  d        </ns0:controlfield><ns0:controlfield tag="007">cr mn|||||||||</ns0:controlfield><ns0:controlfield tag="008">170614s2017    caua    o     001 0 eng d</ns0:controlfield><ns0:datafield ind1=" " ind2=" " tag="035"><ns0:subfield code="a">(OCoLC)1001254247</ns0:subfield></ns0:datafield><ns0:datafield ind1=" " ind2=" " tag="037"><ns0:subfield code="b">BCOpenCampus</ns0:subfield><ns0:subfield code="c">CostFree</ns0:subfield><ns0:subfield code="f">FormOnline</ns0:subfield><ns0:subfield code="g">AccessOpen</ns0:subfield></ns0:datafield><ns0:datafield ind1=" " ind2=" " tag="040"><ns0:subfield code="a">CaBSKC</ns0:subfield><ns0:subfield code="b">eng</ns0:subfield><ns0:subfield code="e" /><ns0:subfield code="c">CaBSKC</ns0:subfield></ns0:datafield><ns0:datafield ind1=" " ind2="4" tag="050"><ns0:subfield code="a">QA805</ns0:subfield><ns0:subfield code="b">.C76 2017eb</ns0:subfield></ns0:datafield><ns0:datafield ind1="1" ind2=" " tag="100"><ns0:subfield code="a">Crowell, Benjamin.</ns0:subfield></ns0:datafield><ns0:datafield ind1="1" ind2="0" tag="245"><ns0:subfield code="a">Mechanics</ns0:subfield><ns0:subfield code="c">Benjamin Crowell.</ns0:subfield></ns0:datafield><ns0:datafield ind1=" " ind2=" " tag="250"><ns0:subfield code="a">Rev. February 22, 2017.</ns0:subfield></ns0:datafield><ns0:datafield ind1=" " ind2=" " tag="260"><ns0:subfield code="a">Fullerton, California :</ns0:subfield><ns0:subfield code="b">Light and Matter,</ns0:subfield><ns0:subfield code="c">2017.</ns0:subfield></ns0:datafield><ns0:datafield ind1=" " ind2=" " tag="300"><ns0:subfield code="a">1 online resource (572 pages) :</ns0:subfield><ns0:subfield code="b">colour illustrations</ns0:subfield></ns0:datafield><ns0:datafield ind1=" " ind2=" " tag="500"><ns0:subfield code="a">Includes index.</ns0:subfield></ns0:datafield><ns0:datafield ind1=" " ind2=" " tag="520"><ns0:subfield code="a">"This is a calculus-based book meant for the first semester of a first year survey course taken by engineering and physical science majors. It has a traditional order of topics whereby force is discussed before energy. It is divided into 17 chapters that cover a review of high school physics, scaling and estimation, vectors, velocity, acceleration, forces, circular motion, gravity, conservation of energy, work, conservation of momentum and angular momentum, vibrations, and resonance. A treatment of relativity is interspersed with the Newtonian mechanics, in optional sections"--BC Campus website.</ns0:subfield></ns0:datafield><ns0:datafield ind1=" " ind2=" " tag="588"><ns0:subfield code="a">Description based on online version; Title from PDF (viewed on June 14, 2017)</ns0:subfield></ns0:datafield><ns0:datafield ind1=" " ind2="0" tag="650"><ns0:subfield code="a">Mechanics</ns0:subfield><ns0:subfield code="v">Textbooks.</ns0:subfield></ns0:datafield><ns0:datafield ind1=" " ind2="0" tag="650"><ns0:subfield code="a">Mechanics</ns0:subfield><ns0:subfield code="v">Problems, exercises, etc.</ns0:subfield></ns0:datafield><ns0:datafield ind1=" " ind2="0" tag="650"><ns0:subfield code="a">Calculus</ns0:subfield><ns0:subfield code="v">Textbooks.</ns0:subfield></ns0:datafield><ns0:datafield ind1=" " ind2="0" tag="655"><ns0:subfield code="a">Electronic books.</ns0:subfield></ns0:datafield><ns0:datafield ind1="2" ind2=" " tag="710"><ns0:subfield code="a">Light and Matter,</ns0:subfield></ns0:datafield><ns0:datafield ind1="2" ind2=" " tag="710"><ns0:subfield code="a">BC Open Textbook Project.</ns0:subfield></ns0:datafield><ns0:datafield ind1="2" ind2=" " tag="710"><ns0:subfield code="a">BCcampus.</ns0:subfield></ns0:datafield><ns0:datafield ind1="4" ind2="0" tag="856"><ns0:subfield code="3">BC Open Textbook Project title homepage.</ns0:subfield><ns0:subfield code="u">https://open.bccampus.ca/find-open-textbooks/?uuid=408ae05b-5867-4478-ab84-425a136cd9eb&amp;contributor=&amp;keyword=&amp;subject=</ns0:subfield></ns0:datafield><ns0:datafield ind1="4" ind2="0" tag="856"><ns0:subfield code="3">BC Open Textbook Project.</ns0:subfield><ns0:subfield code="u">http://solr.bccampus.ca:8001/bcc/file/408ae05b-5867-4478-ab84-425a136cd9eb/1/me.pdf</ns0:subfield></ns0:datafield><ns0:datafield ind1="4" ind2="0" tag="856"><ns0:subfield code="3">Light and Matter.</ns0:subfield><ns0:subfield code="u">http://www.lightandmatter.com/mechanics/</ns0:subfield></ns0:datafield></ns0:record>