
<ns0:record><ns0:leader>01824cam a2200301 a 4500</ns0:leader>
<ns0:controlfield tag="001">bcotA000200</ns0:controlfield>
<ns0:controlfield tag="006">m     o  d        </ns0:controlfield><ns0:controlfield tag="007">cr mn|||||||||</ns0:controlfield><ns0:controlfield tag="008">170504s2016    abca    ob   s000 0 eng d</ns0:controlfield><ns0:datafield ind1=" " ind2=" " tag="035"><ns0:subfield code="a">(OCoLC)1001282288</ns0:subfield></ns0:datafield><ns0:datafield ind1=" " ind2=" " tag="037"><ns0:subfield code="b">BCOpenCampus</ns0:subfield><ns0:subfield code="c">CostFree</ns0:subfield><ns0:subfield code="f">FormOnline</ns0:subfield><ns0:subfield code="g">AccessOpen</ns0:subfield></ns0:datafield><ns0:datafield ind1=" " ind2=" " tag="040"><ns0:subfield code="a">CaBSKC</ns0:subfield><ns0:subfield code="b">eng</ns0:subfield><ns0:subfield code="e" /><ns0:subfield code="c">CaBSKC</ns0:subfield></ns0:datafield><ns0:datafield ind1=" " ind2="4" tag="050"><ns0:subfield code="a">PE1128.A2</ns0:subfield><ns0:subfield code="b">.I68 2016eb</ns0:subfield></ns0:datafield><ns0:datafield ind1="0" ind2="0" tag="245"><ns0:subfield code="a">In the community</ns0:subfield><ns0:subfield code="b">an intermediate integrated skills textbook.</ns0:subfield></ns0:datafield><ns0:datafield ind1=" " ind2=" " tag="260"><ns0:subfield code="a">Edmonton, AB :</ns0:subfield><ns0:subfield code="b">NorQuest College,</ns0:subfield><ns0:subfield code="c">[2016]</ns0:subfield></ns0:datafield><ns0:datafield ind1=" " ind2=" " tag="300"><ns0:subfield code="a">1 online resource (366 pages) :</ns0:subfield><ns0:subfield code="b">colour illustrations</ns0:subfield></ns0:datafield><ns0:datafield ind1=" " ind2=" " tag="520"><ns0:subfield code="a">"This is an English-language skills textbook to help ESL students acquire communication skills in the community (listening, speaking, reading, and writing). The book is aimed at Canadian Language Benchmark (CLB) levels 5/6, focusing on intercultural skills and essential skills: reading text, document use, writing, oral communication, thinking skills, working with others, and computer use"--BC Campus website.</ns0:subfield></ns0:datafield><ns0:datafield ind1=" " ind2=" " tag="588"><ns0:subfield code="a">Description based on online version; Title from PDF (viewed on May 4, 2017).</ns0:subfield></ns0:datafield><ns0:datafield ind1=" " ind2="0" tag="650"><ns0:subfield code="a">English language</ns0:subfield><ns0:subfield code="v">Textbooks for foreign speakers.</ns0:subfield></ns0:datafield><ns0:datafield ind1=" " ind2="0" tag="650"><ns0:subfield code="a">English language</ns0:subfield><ns0:subfield code="x">Study and teaching</ns0:subfield><ns0:subfield code="x">Foreign speakers.</ns0:subfield></ns0:datafield><ns0:datafield ind1=" " ind2="0" tag="650"><ns0:subfield code="a">Reading comprehension</ns0:subfield><ns0:subfield code="v">Problems, exercises, etc.</ns0:subfield></ns0:datafield><ns0:datafield ind1=" " ind2="0" tag="655"><ns0:subfield code="a">Electronic books.</ns0:subfield></ns0:datafield><ns0:datafield ind1="2" ind2=" " tag="710"><ns0:subfield code="a">NorQuest College.</ns0:subfield></ns0:datafield><ns0:datafield ind1="2" ind2=" " tag="710"><ns0:subfield code="a">BC Open Textbook Project.</ns0:subfield></ns0:datafield><ns0:datafield ind1="2" ind2=" " tag="710"><ns0:subfield code="a">BCcampus.</ns0:subfield></ns0:datafield><ns0:datafield ind1="4" ind2="0" tag="856"><ns0:subfield code="3">BC Open Textbook Project title homepage.</ns0:subfield><ns0:subfield code="u">https://open.bccampus.ca/find-open-textbooks/?uuid=3988a71f-654e-4c7c-b662-1bd7fe4ffffe&amp;contributor=&amp;keyword=&amp;subject=</ns0:subfield></ns0:datafield><ns0:datafield ind1="4" ind2="0" tag="856"><ns0:subfield code="3">BC Open Textbook Project.</ns0:subfield><ns0:subfield code="u">http://solr.bccampus.ca:8001/bcc/file/3988a71f-654e-4c7c-b662-1bd7fe4ffffe/1/itc-book-printable%5B2%5D.pdf</ns0:subfield></ns0:datafield><ns0:datafield ind1="4" ind2="0" tag="856"><ns0:subfield code="3">NorQuest College.</ns0:subfield><ns0:subfield code="u">https://centre.bowvalleycollege.ca/OER/NQC/In-the-Community/</ns0:subfield></ns0:datafield></ns0:record>