
<ns0:record><ns0:leader>02221cam a2200325 a 4500</ns0:leader>
<ns0:controlfield tag="001">bcotA000204</ns0:controlfield>
<ns0:controlfield tag="005">20170726094251.0</ns0:controlfield><ns0:controlfield tag="006">m        u        </ns0:controlfield><ns0:controlfield tag="007">cr cn ---uuuuu</ns0:controlfield><ns0:controlfield tag="008">170726s2017    nyu     o     000 0 eng d</ns0:controlfield><ns0:datafield ind1=" " ind2=" " tag="020"><ns0:subfield code="a">9781942341468</ns0:subfield><ns0:subfield code="q">(ebook)</ns0:subfield></ns0:datafield><ns0:datafield ind1=" " ind2=" " tag="035"><ns0:subfield code="a">(OCoLC)993255777</ns0:subfield></ns0:datafield><ns0:datafield ind1=" " ind2=" " tag="037"><ns0:subfield code="b">BCOpenCampus</ns0:subfield><ns0:subfield code="c">CostFree</ns0:subfield><ns0:subfield code="f">FormOnline</ns0:subfield><ns0:subfield code="g">AccessOpen</ns0:subfield></ns0:datafield><ns0:datafield ind1=" " ind2=" " tag="040"><ns0:subfield code="a">BNM</ns0:subfield><ns0:subfield code="b">eng</ns0:subfield><ns0:subfield code="e" /><ns0:subfield code="d">CaBSKC</ns0:subfield></ns0:datafield><ns0:datafield ind1=" " ind2="4" tag="050"><ns0:subfield code="a">PN1996.9.P7</ns0:subfield><ns0:subfield code="b">R45 2017eb</ns0:subfield></ns0:datafield><ns0:datafield ind1="1" ind2=" " tag="100"><ns0:subfield code="a">Reich, John.</ns0:subfield></ns0:datafield><ns0:datafield ind1="1" ind2="0" tag="245"><ns0:subfield code="a">Exploring movie construction and production</ns0:subfield><ns0:subfield code="b">what's so exciting about movies? /</ns0:subfield><ns0:subfield code="c">John Reich.</ns0:subfield></ns0:datafield><ns0:datafield ind1=" " ind2=" " tag="260"><ns0:subfield code="a">Geneseo, NY :</ns0:subfield><ns0:subfield code="b">Open SUNY Textbooks,</ns0:subfield><ns0:subfield code="c">2017.</ns0:subfield></ns0:datafield><ns0:datafield ind1=" " ind2=" " tag="300"><ns0:subfield code="a">1 online resource (vii, 83 pages)</ns0:subfield></ns0:datafield><ns0:datafield ind1=" " ind2=" " tag="520"><ns0:subfield code="a">"Exploring Movie Construction and Production contains eight chapters of the major areas of film construction and production. The discussion covers theme, genre, narrative structure, character portrayal, story, plot, directing style, cinematography, and editing. Important terminology is defined and types of analysis are discussed and demonstrated. An extended example of how a movie description reflects the setting, narrative structure, or directing style is used throughout the book to illustrate building blocks of each theme. This approach to film instruction and analysis has proved beneficial to increasing students' learning, while enhancing the creativity and critical thinking of the student"--BC Campus website.</ns0:subfield></ns0:datafield><ns0:datafield ind1=" " ind2=" " tag="588"><ns0:subfield code="a">Description based on online resource; title from pdf title page (viewed on July 26, 2017).</ns0:subfield></ns0:datafield><ns0:datafield ind1=" " ind2="0" tag="650"><ns0:subfield code="a">Motion pictures</ns0:subfield><ns0:subfield code="x">Production and direction</ns0:subfield><ns0:subfield code="v">Textbooks.</ns0:subfield></ns0:datafield><ns0:datafield ind1=" " ind2="0" tag="650"><ns0:subfield code="a">Motion picture authorship</ns0:subfield><ns0:subfield code="v">Textbooks.</ns0:subfield></ns0:datafield><ns0:datafield ind1=" " ind2="0" tag="655"><ns0:subfield code="a">Electronic books.</ns0:subfield></ns0:datafield><ns0:datafield ind1="2" ind2=" " tag="710"><ns0:subfield code="a">Open SUNY Textbooks.</ns0:subfield></ns0:datafield><ns0:datafield ind1="2" ind2=" " tag="710"><ns0:subfield code="a">BC Open Textbook Project.</ns0:subfield></ns0:datafield><ns0:datafield ind1="2" ind2=" " tag="710"><ns0:subfield code="a">BCcampus.</ns0:subfield></ns0:datafield><ns0:datafield ind1="4" ind2="0" tag="856"><ns0:subfield code="3">BC Open Textbook Project title homepage.</ns0:subfield><ns0:subfield code="u">https://open.bccampus.ca/find-open-textbooks/?uuid=19892992-ae43-48c4-a832-59faa1d7108b&amp;contributor=&amp;keyword=&amp;subject=</ns0:subfield></ns0:datafield><ns0:datafield ind1="4" ind2="0" tag="856"><ns0:subfield code="3">BC Open Textbook Project.</ns0:subfield><ns0:subfield code="u">http://solr.bccampus.ca:8001/bcc/file/19892992-ae43-48c4-a832-59faa1d7108b/1/Exploring-Movie-Construction-and-Production-1499438054.pdf</ns0:subfield></ns0:datafield><ns0:datafield ind1="4" ind2="0" tag="856"><ns0:subfield code="3">Open SUNY.</ns0:subfield><ns0:subfield code="u">https://milnepublishing.geneseo.edu/exploring-movie-construction-and-production/</ns0:subfield></ns0:datafield></ns0:record>