
<ns0:record><ns0:leader>02092cai a2200337Ii 4500</ns0:leader>
<ns0:controlfield tag="001">bcotA000208</ns0:controlfield>
<ns0:controlfield tag="005">20170824171515.0</ns0:controlfield><ns0:controlfield tag="006">m        d        </ns0:controlfield><ns0:controlfield tag="007">cr cn|---uuuuu</ns0:controlfield><ns0:controlfield tag="008">170823c20169999bccuu w o     0    2eng d</ns0:controlfield><ns0:datafield ind1=" " ind2=" " tag="040"><ns0:subfield code="a">K6U</ns0:subfield><ns0:subfield code="b">eng</ns0:subfield><ns0:subfield code="c">K6U</ns0:subfield><ns0:subfield code="d">K6U</ns0:subfield></ns0:datafield><ns0:datafield ind1=" " ind2=" " tag="035"><ns0:subfield code="a">(OCoLC)1001572573</ns0:subfield></ns0:datafield><ns0:datafield ind1=" " ind2="4" tag="050"><ns0:subfield code="a">LB1044.88</ns0:subfield><ns0:subfield code="b">A473 2016eb</ns0:subfield></ns0:datafield><ns0:datafield ind1="1" ind2=" " tag="100"><ns0:subfield code="a">Aesoph, Lauri.</ns0:subfield></ns0:datafield><ns0:datafield ind1="1" ind2="0" tag="245"><ns0:subfield code="a">BC open textbook adoption guide</ns0:subfield><ns0:subfield code="b">a guide to adopting an open textbook /</ns0:subfield><ns0:subfield code="c">Lauri Aesoph ; Caroline Daniels, Farhad Dastur, David Harper, Inba Kehoe, Gail Morong, Lucas Wright.</ns0:subfield></ns0:datafield><ns0:datafield ind1="3" ind2=" " tag="246"><ns0:subfield code="a">B.C. open textbook adoption guide</ns0:subfield></ns0:datafield><ns0:datafield ind1="3" ind2=" " tag="246"><ns0:subfield code="a">British Columbia open textbook adoption guide</ns0:subfield></ns0:datafield><ns0:datafield ind1=" " ind2=" " tag="260"><ns0:subfield code="a">[Victoria] :</ns0:subfield><ns0:subfield code="b">BCcampus, BC Open Textbook Project,</ns0:subfield><ns0:subfield code="c">2016-</ns0:subfield></ns0:datafield><ns0:datafield ind1=" " ind2=" " tag="300"><ns0:subfield code="a">1 online resource </ns0:subfield></ns0:datafield><ns0:datafield ind1=" " ind2=" " tag="310"><ns0:subfield code="a">Updated irregularly</ns0:subfield></ns0:datafield><ns0:datafield ind1=" " ind2=" " tag="520"><ns0:subfield code="a">"This guide was created by the B.C. Open Textbook Project with the assistance of several faculty and staff that attended our Adoption Workshop Development Sprint on March 31-April 1, 2016, in Vancouver. We thank Caroline Daniels and Dr. Farhad Dastur (Kwantlen Polytechnic University), Inba Kehoe (University of Victoria), Dr. David Harper (University of the Fraser Valley), Lucas Wright (UBC), and Gail Morong (Thompson Rivers University). This guide continues to be an ever evolving resource that will be updated as required"--BC Campus website.</ns0:subfield></ns0:datafield><ns0:datafield ind1=" " ind2=" " tag="588"><ns0:subfield code="a">Description based on online resource; title from pdf title page (viewed on August 18, 2017).</ns0:subfield></ns0:datafield><ns0:datafield ind1=" " ind2="0" tag="650"><ns0:subfield code="a">Teaching</ns0:subfield><ns0:subfield code="x">Aids and devices</ns0:subfield><ns0:subfield code="v">Textbooks.</ns0:subfield></ns0:datafield><ns0:datafield ind1=" " ind2="0" tag="655"><ns0:subfield code="a">Electronic books.</ns0:subfield></ns0:datafield><ns0:datafield ind1="1" ind2=" " tag="700"><ns0:subfield code="a">Daniels, Caroline.</ns0:subfield></ns0:datafield><ns0:datafield ind1="1" ind2=" " tag="700"><ns0:subfield code="a">Dastur, Farhad.</ns0:subfield></ns0:datafield><ns0:datafield ind1="2" ind2=" " tag="710"><ns0:subfield code="a">BC Open Textbook Project.</ns0:subfield></ns0:datafield><ns0:datafield ind1="2" ind2=" " tag="710"><ns0:subfield code="a">BCcampus.</ns0:subfield></ns0:datafield><ns0:datafield ind1="4" ind2="0" tag="856"><ns0:subfield code="3">BC Open Textbook Project title homepage.</ns0:subfield><ns0:subfield code="u">https://open.bccampus.ca/find-open-textbooks/?uuid=aaccbd63-e1a5-4978-ab8f-f5d7b1bf42ec&amp;contributor=&amp;keyword=&amp;subject=</ns0:subfield></ns0:datafield><ns0:datafield ind1="4" ind2="0" tag="856"><ns0:subfield code="3">BC Open Textbook Project.</ns0:subfield><ns0:subfield code="u">http://solr.bccampus.ca:8001/bcc/file/aaccbd63-e1a5-4978-ab8f-f5d7b1bf42ec/1/BC-Open-Textbook-Adoption-Guide-1502483621._print.pdf</ns0:subfield></ns0:datafield><ns0:datafield ind1="4" ind2="0" tag="856"><ns0:subfield code="3">HTML file.</ns0:subfield><ns0:subfield code="u">https://opentextbc.ca/adoptopentextbook/</ns0:subfield></ns0:datafield></ns0:record>