
<ns0:record><ns0:leader>02602cam a2200385 a 4500</ns0:leader>
<ns0:controlfield tag="001">bcotA000213</ns0:controlfield>
<ns0:controlfield tag="005">20170818101741.0</ns0:controlfield><ns0:controlfield tag="006">m        u        </ns0:controlfield><ns0:controlfield tag="007">cr cn ---uuuuu</ns0:controlfield><ns0:controlfield tag="008">170817s2015    bcc     s     000 0 fre d</ns0:controlfield><ns0:datafield ind1=" " ind2=" " tag="035"><ns0:subfield code="a">(OCoLC)1001573194</ns0:subfield></ns0:datafield><ns0:datafield ind1=" " ind2=" " tag="037"><ns0:subfield code="b">BCOpenCampus</ns0:subfield><ns0:subfield code="c">CostFree</ns0:subfield><ns0:subfield code="f">FormOnline</ns0:subfield><ns0:subfield code="g">AccessOpen</ns0:subfield></ns0:datafield><ns0:datafield ind1=" " ind2=" " tag="040"><ns0:subfield code="a">CaBSKC</ns0:subfield><ns0:subfield code="b">eng</ns0:subfield><ns0:subfield code="e" /><ns0:subfield code="c">CaBSKC</ns0:subfield></ns0:datafield><ns0:datafield ind1="0" ind2=" " tag="041"><ns0:subfield code="a">fre</ns0:subfield></ns0:datafield><ns0:datafield ind1=" " ind2="4" tag="050"><ns0:subfield code="a">LB1044.88</ns0:subfield><ns0:subfield code="b">C6613 2015eb</ns0:subfield></ns0:datafield><ns0:datafield ind1="1" ind2=" " tag="100"><ns0:subfield code="a">Coolidge, Amanda.</ns0:subfield></ns0:datafield><ns0:datafield ind1="1" ind2="0" tag="240"><ns0:subfield code="a">BC open textbook accessibility toolkit.</ns0:subfield><ns0:subfield code="l">French</ns0:subfield></ns0:datafield><ns0:datafield ind1="1" ind2="0" tag="245"><ns0:subfield code="a">CB trousse d’outils d’accessibilité pour les</ns0:subfield><ns0:subfield code="c">Amanda Coolidge, Sue Doner, Tara Robertson.</ns0:subfield></ns0:datafield><ns0:datafield ind1="3" ind2=" " tag="246"><ns0:subfield code="a">CB trousse d’outils d’accessibilité pour les manuels scolaires ouverts</ns0:subfield></ns0:datafield><ns0:datafield ind1="3" ind2=" " tag="246"><ns0:subfield code="a">Colombie Britannique trousse d’outils d’accessibilité pour les manuels scolaires ouverts</ns0:subfield></ns0:datafield><ns0:datafield ind1=" " ind2=" " tag="260"><ns0:subfield code="a">[Victoria] :</ns0:subfield><ns0:subfield code="b">BCcampus, BC Open Textbook Project,</ns0:subfield><ns0:subfield code="c">[2015]</ns0:subfield></ns0:datafield><ns0:datafield ind1=" " ind2=" " tag="300"><ns0:subfield code="a">1 online resource (vi, 35 pages)</ns0:subfield></ns0:datafield><ns0:datafield ind1=" " ind2=" " tag="500"><ns0:subfield code="a">Translation of: BC open textbook accessibility toolkit.</ns0:subfield></ns0:datafield><ns0:datafield ind1=" " ind2=" " tag="520"><ns0:subfield code="a">"La Trousse d’outils d’accessibilité est une collaboration entre BCcampus et le Centre for Accessible Post-Secondary Education (CAPER-BC ou Centre pour les études post-secondaire accessible). BCcampus est une organisation financée par les fonds publics qui utilise la technologie pour relier les compétences, les programmes et les ressources de tous institutions post-secondaire de C.B. dans un réseau de services de livraisons collaborative. BCcampus est l’organisation en tête du projet de manuels scolaires ouverts en CB. CAPER-BC fournit des matériaux d’enseignement et d’apprentissage aux étudiants et instructeurs qui ne peuvent pas utiliser l’impression conventionnelle à cause de déficiences"--BC Campus website.</ns0:subfield></ns0:datafield><ns0:datafield ind1=" " ind2=" " tag="546"><ns0:subfield code="a">Text in French.</ns0:subfield></ns0:datafield><ns0:datafield ind1=" " ind2=" " tag="588"><ns0:subfield code="a">Description based on online resource; title from pdf title page (viewed on August 18, 2017).</ns0:subfield></ns0:datafield><ns0:datafield ind1=" " ind2="0" tag="650"><ns0:subfield code="a">Teaching</ns0:subfield><ns0:subfield code="x">Aids and devices</ns0:subfield><ns0:subfield code="v">Textbooks.</ns0:subfield></ns0:datafield><ns0:datafield ind1=" " ind2="0" tag="655"><ns0:subfield code="a">Electronic books.</ns0:subfield></ns0:datafield><ns0:datafield ind1="1" ind2=" " tag="700"><ns0:subfield code="a">Doner, Sue.</ns0:subfield></ns0:datafield><ns0:datafield ind1="1" ind2=" " tag="700"><ns0:subfield code="a">Robertson, Tara.</ns0:subfield></ns0:datafield><ns0:datafield ind1="2" ind2=" " tag="710"><ns0:subfield code="a">BC Open Textbook Project.</ns0:subfield></ns0:datafield><ns0:datafield ind1="2" ind2=" " tag="710"><ns0:subfield code="a">BCcampus.</ns0:subfield></ns0:datafield><ns0:datafield ind1="4" ind2="0" tag="856"><ns0:subfield code="3">BC Open Textbook Project title homepage.</ns0:subfield><ns0:subfield code="u">https://open.bccampus.ca/find-open-textbooks/?uuid=7b65be21-5811-42ba-9231-e970c72e97bb&amp;contributor=&amp;keyword=&amp;subject=</ns0:subfield></ns0:datafield><ns0:datafield ind1="4" ind2="0" tag="856"><ns0:subfield code="3">BC Open Textbook Project PDF.</ns0:subfield><ns0:subfield code="u">http://solr.bccampus.ca:8001/bcc/file/7b65be21-5811-42ba-9231-e970c72e97bb/1/CB-Trousse-d%E2%80%99outils-d%E2%80%99accessibilit%C3%A9-pour-les-1502482571._print.pdf</ns0:subfield></ns0:datafield><ns0:datafield ind1="4" ind2="0" tag="856"><ns0:subfield code="3">BC Open Textbook Project HTML file.</ns0:subfield><ns0:subfield code="u">https://opentextbc.ca/troussedoutildaccessibilite/</ns0:subfield></ns0:datafield></ns0:record>