
<ns0:record><ns0:leader>01983cam a2200325 a 4500</ns0:leader>
<ns0:controlfield tag="001">bcotA000214</ns0:controlfield>
<ns0:controlfield tag="005">20170818082605.0</ns0:controlfield><ns0:controlfield tag="006">m        u        </ns0:controlfield><ns0:controlfield tag="007">cr cn ---uuuuu</ns0:controlfield><ns0:controlfield tag="008">170817s2014    bcc     o     000 0 eng d</ns0:controlfield><ns0:datafield ind1=" " ind2=" " tag="035"><ns0:subfield code="a">(OCoLC)1001573312</ns0:subfield></ns0:datafield><ns0:datafield ind1=" " ind2=" " tag="037"><ns0:subfield code="b">BCOpenCampus</ns0:subfield><ns0:subfield code="c">CostFree</ns0:subfield><ns0:subfield code="f">FormOnline</ns0:subfield><ns0:subfield code="g">AccessOpen</ns0:subfield></ns0:datafield><ns0:datafield ind1=" " ind2=" " tag="040"><ns0:subfield code="a">CaBSKC</ns0:subfield><ns0:subfield code="b">eng</ns0:subfield><ns0:subfield code="e" /><ns0:subfield code="c">CaBSKC</ns0:subfield></ns0:datafield><ns0:datafield ind1=" " ind2="4" tag="050"><ns0:subfield code="a">LB1044.88</ns0:subfield><ns0:subfield code="b">A472 2014eb</ns0:subfield></ns0:datafield><ns0:datafield ind1="1" ind2=" " tag="100"><ns0:subfield code="a">Aesoph, Lauri.</ns0:subfield></ns0:datafield><ns0:datafield ind1="1" ind2="0" tag="245"><ns0:subfield code="a">BC open textbook authoring guide</ns0:subfield><ns0:subfield code="b">a guide to authoring &amp; adapting open textbooks /</ns0:subfield><ns0:subfield code="c">Lauri Aesoph and Amanda Coolidge.</ns0:subfield></ns0:datafield><ns0:datafield ind1="3" ind2=" " tag="246"><ns0:subfield code="a">B.C. open textbook authoring guide</ns0:subfield></ns0:datafield><ns0:datafield ind1="3" ind2=" " tag="246"><ns0:subfield code="a">British Columbia open textbook authoring guide</ns0:subfield></ns0:datafield><ns0:datafield ind1=" " ind2=" " tag="260"><ns0:subfield code="a">[Victoria] :</ns0:subfield><ns0:subfield code="b">BCcampus, BC Open Textbook Project,</ns0:subfield><ns0:subfield code="c">2014.</ns0:subfield></ns0:datafield><ns0:datafield ind1=" " ind2=" " tag="300"><ns0:subfield code="a">1 online resource (133 pages)</ns0:subfield></ns0:datafield><ns0:datafield ind1=" " ind2=" " tag="520"><ns0:subfield code="a">"This book is a practical guide to adapting or creating open textbooks using the PressBooks platform. It is continually evolving as new information, practices and processes are developed. The primary audience for this book are faculty in British Columbia, Canada, who are participating in the B.C. Open Textbook project. However, there may be content within this book that is useful to others working on similar Open Educational Resource initiatives"--BC Campus website.</ns0:subfield></ns0:datafield><ns0:datafield ind1=" " ind2=" " tag="588"><ns0:subfield code="a">Description based on online resource; title from pdf title page (viewed on August 18, 2017).</ns0:subfield></ns0:datafield><ns0:datafield ind1=" " ind2="0" tag="650"><ns0:subfield code="a">Teaching</ns0:subfield><ns0:subfield code="x">Aids and devices</ns0:subfield><ns0:subfield code="v">Textbooks.</ns0:subfield></ns0:datafield><ns0:datafield ind1=" " ind2="0" tag="655"><ns0:subfield code="a">Electronic books.</ns0:subfield></ns0:datafield><ns0:datafield ind1="1" ind2=" " tag="700"><ns0:subfield code="a">Coolidge, Amanda.</ns0:subfield></ns0:datafield><ns0:datafield ind1="2" ind2=" " tag="710"><ns0:subfield code="a">BC Open Textbook Project.</ns0:subfield></ns0:datafield><ns0:datafield ind1="2" ind2=" " tag="710"><ns0:subfield code="a">BCcampus.</ns0:subfield></ns0:datafield><ns0:datafield ind1="4" ind2="0" tag="856"><ns0:subfield code="3">BC Open Textbook Project title homepage.</ns0:subfield><ns0:subfield code="u">https://open.bccampus.ca/find-open-textbooks/?uuid=24a01928-966b-4c55-84c2-c0e8513bf332&amp;contributor=&amp;keyword=&amp;subject=</ns0:subfield></ns0:datafield><ns0:datafield ind1="4" ind2="0" tag="856"><ns0:subfield code="3">BC Open Textbook Project PDF.</ns0:subfield><ns0:subfield code="u">http://solr.bccampus.ca:8001/bcc/file/24a01928-966b-4c55-84c2-c0e8513bf332/1/BC-Open-Textbook-Authoring-Guide%281%29.pdf</ns0:subfield></ns0:datafield><ns0:datafield ind1="4" ind2="0" tag="856"><ns0:subfield code="3">BC Open Textbook Project HTML file.</ns0:subfield><ns0:subfield code="u">https://opentextbc.ca/opentextbook/</ns0:subfield></ns0:datafield></ns0:record>