
<ns0:record><ns0:leader>02157cam a2200325 a 4500</ns0:leader>
<ns0:controlfield tag="001">bcotA000219</ns0:controlfield>
<ns0:controlfield tag="005">20170818090702.0</ns0:controlfield><ns0:controlfield tag="006">m        u        </ns0:controlfield><ns0:controlfield tag="007">cr cn ---uuuuu</ns0:controlfield><ns0:controlfield tag="008">170818s2017    caua    o     000 0 eng d</ns0:controlfield><ns0:datafield ind1=" " ind2=" " tag="035"><ns0:subfield code="a">(OCoLC)1001573653</ns0:subfield></ns0:datafield><ns0:datafield ind1=" " ind2=" " tag="037"><ns0:subfield code="b">BCOpenCampus</ns0:subfield><ns0:subfield code="c">CostFree</ns0:subfield><ns0:subfield code="f">FormOnline</ns0:subfield><ns0:subfield code="g">AccessOpen</ns0:subfield></ns0:datafield><ns0:datafield ind1=" " ind2=" " tag="040"><ns0:subfield code="a">CaBSKC</ns0:subfield><ns0:subfield code="b">eng</ns0:subfield><ns0:subfield code="e" /><ns0:subfield code="c">CaBSKC</ns0:subfield></ns0:datafield><ns0:datafield ind1=" " ind2="4" tag="050"><ns0:subfield code="a">QH541</ns0:subfield><ns0:subfield code="b">E58 2017eb</ns0:subfield></ns0:datafield><ns0:datafield ind1="0" ind2="0" tag="245"><ns0:subfield code="a">Environmental biology</ns0:subfield><ns0:subfield code="c">Matthew R. Fisher, editor ; OpenStax, Kamala Dorsner, Alexandra Geddes, Tom Theis, Jonathan Tomkin.</ns0:subfield></ns0:datafield><ns0:datafield ind1=" " ind2=" " tag="260"><ns0:subfield code="a">[Oregon] :</ns0:subfield><ns0:subfield code="b">[Open Oregon Educational Resources],</ns0:subfield><ns0:subfield code="c">[2017]</ns0:subfield></ns0:datafield><ns0:datafield ind1=" " ind2=" " tag="300"><ns0:subfield code="a">1 online resource (vi, 319 pages) :</ns0:subfield><ns0:subfield code="b">illustrations</ns0:subfield></ns0:datafield><ns0:datafield ind1=" " ind2=" " tag="500"><ns0:subfield code="a">BC Open Textbook Project file acquired from oercommons.org.</ns0:subfield></ns0:datafield><ns0:datafield ind1=" " ind2=" " tag="520"><ns0:subfield code="a">"Environmental Biology enables students to develop a nuanced understanding of today's most pressing environmental issues. This text helps students grasp the scientific foundation of these issues so that they can better understand the world around them and their impact upon it. This open textbook covers the most salient environmental issues, from a biological perspective. The text is designed for an introductory-level college science course. Topics include the fundamentals of ecology, biodiversity, pollution, climate change, food production, and human population growth"--BC Campus website.</ns0:subfield></ns0:datafield><ns0:datafield ind1=" " ind2=" " tag="588"><ns0:subfield code="a">Description based on online resource; title from pdf title page (viewed on August 18, 2017).</ns0:subfield></ns0:datafield><ns0:datafield ind1=" " ind2="0" tag="650"><ns0:subfield code="a">Ecology</ns0:subfield><ns0:subfield code="v">Textbooks.</ns0:subfield></ns0:datafield><ns0:datafield ind1=" " ind2="0" tag="655"><ns0:subfield code="a">Electronic books.</ns0:subfield></ns0:datafield><ns0:datafield ind1="1" ind2=" " tag="700"><ns0:subfield code="a">Fisher, Matthew R.</ns0:subfield></ns0:datafield><ns0:datafield ind1="2" ind2=" " tag="710"><ns0:subfield code="a">Open Oregon Educational Resources.</ns0:subfield></ns0:datafield><ns0:datafield ind1="2" ind2=" " tag="710"><ns0:subfield code="a">BC Open Textbook Project.</ns0:subfield></ns0:datafield><ns0:datafield ind1="2" ind2=" " tag="710"><ns0:subfield code="a">BCcampus.</ns0:subfield></ns0:datafield><ns0:datafield ind1="4" ind2="0" tag="856"><ns0:subfield code="3">BC Open Textbook Project title homepage.</ns0:subfield><ns0:subfield code="u">https://open.bccampus.ca/find-open-textbooks/?uuid=42212e2c-abcb-4529-9e9d-ed5e93a3cef1&amp;contributor=&amp;keyword=&amp;subject=</ns0:subfield></ns0:datafield><ns0:datafield ind1="4" ind2="0" tag="856"><ns0:subfield code="3">BC Open Textbook Project.</ns0:subfield><ns0:subfield code="u">http://solr.bccampus.ca:8001/bcc/file/42212e2c-abcb-4529-9e9d-ed5e93a3cef1/1/Environmental-Biology.pdf</ns0:subfield></ns0:datafield><ns0:datafield ind1="4" ind2="0" tag="856"><ns0:subfield code="3">Open Oregon HTML file.</ns0:subfield><ns0:subfield code="u">https://openoregon.pressbooks.pub/envirobiology/</ns0:subfield></ns0:datafield><ns0:datafield ind1="4" ind2="0" tag="856"><ns0:subfield code="3">OER Commons</ns0:subfield><ns0:subfield code="u">https://www.oercommons.org/courses/environmental-biology</ns0:subfield></ns0:datafield></ns0:record>