
<ns0:record><ns0:leader>02187cam a2200301 a 4500</ns0:leader>
<ns0:controlfield tag="001">bcotA000221</ns0:controlfield>
<ns0:controlfield tag="005">20170818101613.0</ns0:controlfield><ns0:controlfield tag="006">m        u        </ns0:controlfield><ns0:controlfield tag="007">cr cn ---uuuuu</ns0:controlfield><ns0:controlfield tag="008">170818s2017    abca    o     000 0 eng d</ns0:controlfield><ns0:datafield ind1=" " ind2=" " tag="035"><ns0:subfield code="a">(OCoLC)1001573772</ns0:subfield></ns0:datafield><ns0:datafield ind1=" " ind2=" " tag="037"><ns0:subfield code="b">BCOpenCampus</ns0:subfield><ns0:subfield code="c">CostFree</ns0:subfield><ns0:subfield code="f">FormOnline</ns0:subfield><ns0:subfield code="g">AccessOpen</ns0:subfield></ns0:datafield><ns0:datafield ind1=" " ind2=" " tag="040"><ns0:subfield code="a">CaBSKC</ns0:subfield><ns0:subfield code="b">eng</ns0:subfield><ns0:subfield code="e" /><ns0:subfield code="c">CaBSKC</ns0:subfield></ns0:datafield><ns0:datafield ind1=" " ind2="4" tag="050"><ns0:subfield code="a">QH442</ns0:subfield><ns0:subfield code="b">U55 2017eb</ns0:subfield></ns0:datafield><ns0:datafield ind1="2" ind2=" " tag="110"><ns0:subfield code="a">University of Alberta.</ns0:subfield><ns0:subfield code="b">Department of Biological Sciences,</ns0:subfield><ns0:subfield code="e">issuing body.</ns0:subfield></ns0:datafield><ns0:datafield ind1="1" ind2="0" tag="245"><ns0:subfield code="a">Open genetics lectures, Fall 2017</ns0:subfield><ns0:subfield code="c">Department of Biological Sciences - University of Alberta.</ns0:subfield></ns0:datafield><ns0:datafield ind1=" " ind2=" " tag="250"><ns0:subfield code="a">September, 2017 version.</ns0:subfield></ns0:datafield><ns0:datafield ind1=" " ind2=" " tag="260"><ns0:subfield code="a">[Edmonton, AB] :</ns0:subfield><ns0:subfield code="b">Department of Biological Sciences, University of Alberta, Canada,</ns0:subfield><ns0:subfield code="c">[2017]</ns0:subfield></ns0:datafield><ns0:datafield ind1=" " ind2=" " tag="300"><ns0:subfield code="a">1 online resource (x, 32 pages) :</ns0:subfield><ns0:subfield code="b">illustrations</ns0:subfield></ns0:datafield><ns0:datafield ind1=" " ind2=" " tag="520"><ns0:subfield code="a">"The first edition of this textbook, called Open Genetics, was produced in January 2009 as an instructional material for students in Biology 207 at the University of Alberta. Since then, the book has been built upon and redesigned by numerous adapting authors. Open Genetics Lectures (OGL) is an alternative approach to an open source textbook with much of its content being derived from the original Open Genetics textbook. The 13 chapters in OG were cut up and distributed into 41 shorter chapters that parallel the current lecture topics in BIOL 207 (Molecular Genetics and Heredity) at the University of Alberta. More text content, figures, and chapter-end questions were added in this revision"--BC Campus website.</ns0:subfield></ns0:datafield><ns0:datafield ind1=" " ind2=" " tag="588"><ns0:subfield code="a">Description based on online resource; title from pdf title page (viewed on August 18, 2017).</ns0:subfield></ns0:datafield><ns0:datafield ind1=" " ind2="0" tag="650"><ns0:subfield code="a">Molecular genetics</ns0:subfield><ns0:subfield code="v">Textbooks.</ns0:subfield></ns0:datafield><ns0:datafield ind1=" " ind2="0" tag="655"><ns0:subfield code="a">Electronic books.</ns0:subfield></ns0:datafield><ns0:datafield ind1="2" ind2=" " tag="710"><ns0:subfield code="a">University of Alberta.</ns0:subfield><ns0:subfield code="b">Department of Biological Sciences,</ns0:subfield><ns0:subfield code="e">issuing body</ns0:subfield></ns0:datafield><ns0:datafield ind1="2" ind2=" " tag="710"><ns0:subfield code="a">BC Open Textbook Project.</ns0:subfield></ns0:datafield><ns0:datafield ind1="2" ind2=" " tag="710"><ns0:subfield code="a">BCcampus.</ns0:subfield></ns0:datafield><ns0:datafield ind1="4" ind2="0" tag="856"><ns0:subfield code="3">BC Open Textbook Project title homepage.</ns0:subfield><ns0:subfield code="u">https://open.bccampus.ca/find-open-textbooks/?uuid=7a7b00f9-fb56-4c49-81a9-cfa3ad80e6d8&amp;contributor=&amp;keyword=&amp;subject=</ns0:subfield></ns0:datafield><ns0:datafield ind1="4" ind2="0" tag="856"><ns0:subfield code="3">BC Open Textbook Project.</ns0:subfield><ns0:subfield code="u">http://solr.bccampus.ca:8001/bcc/file/7a7b00f9-fb56-4c49-81a9-cfa3ad80e6d8/1/OpenGeneticsLectures_Fall2017.pdf</ns0:subfield></ns0:datafield></ns0:record>
</ns0:collection>